1934 3392
346 311 394 364 ur:
423 290 608 366 nurnero?
763 315 801 362 xr

147 471 386 549 Tillemontius
400 478 534 570 ,indicat
567 504 691 551 annum
722 480 799 550 Chr.

146 601 311 668 370-372.
346 577 585 654 Adnrinissravit
601 603 710 652 autern
727 606 801 652 eam

146 679 188 752 ad
221 677 368 753 favorem
404 683 520 782 populi
555 679 801 782 adipiscendum

145 781 323 881 aptiffime‚
379 811 620 886 nonnunquam
649 781 799 857 severiffi·

144 911 218 970 me,
269 881 321 957 sed
341 883 381 957 ad
407 901 540 960 morum
563 888 798 960 luxuriantium

143 989 379 1061 corretiionem
393 1015 508 1085 parurn
525 990 721 1074 constanter,
755 985 797 1059 de

143 1086 329 1190 quo'plura
361 1086 461 1162 adfert
488 1098 679 1163 Ammianus
704 1095 796 1164 Mar-

142 1191 290 1265 cellinus.
363 1189 497 1290 ‘Qodsr
530 1192 619 1266 idern
654 1192 709 1265 ille
748 1189 795 1262 est

141 1293 339 1392 Ampeliou.
370 1300 461 1387 cujus
487 1290 690 1370 mentionem
715 1291 794 1385 facit

142 1394 296 1468 Sidonius
304 1395 511 1495 Apollinaris,
534 1427 612 1496 cum
628 1403 710 1468 inter
724 1421 794 1467 eru·

140 1495 226 1570 ditos
242 1502 394 1571 homiues
409 1525 478 1570 non
499 1497 566 1572 sure
581 1497 676 1571 laude
692 1493 792 1597 pona·

140 1619 209 1685 tur,
233 1619 265 1672 et
281 1595 388 1698 ipsum
409 1599 574 1671 literamm
594 1598 723 1672 scientia
744 1603 793 1669 in·

139 1701 298 1774 structum
318 1696 412 1773 fuiffe
425 1699 576 1778 credibile
590 1700 644 1772 est.
696 1704 736 1770 Et
749 1695 794 1770 fic

138 1798 235 1876 facile
260 1807 372 1877 auctor
399 1803 470 1874 libri
504 1807 598 1896 hujus
620 1798 794 1901 multiplici

139 1925 170 1978 et
182 1911 270 1979 varia
285 1932 392 1978 rerum
414 1910 509 2002 copia
530 1901 636 1978 referti
654 1900 717 1977 ess'e
736 1929 794 2001 po·
877 1971 881 1978 .

139 2012 208 2081 tuit.
241 2004 413 2081 Diversum
426 2029 534 2080 tamen
545 2007 693 2078 nostrum
706 2009 794 2077 hunc

139 2131 229 2209 putat
254 2111 417 2182 Fabricius
450 2137 467 2179 a
500 2111 711 2200 Symmachi,
762 2125 794 2180 et
875 2116 877 2120 ’

139 2209 232 2310 quod
255 2214 330 2283 hinc
352 2207 575 2309 consequitur,
601 2214 697 2283 etiam
714 2208 793 2281 alio·

119 2341 215 2407 'rum
235 2312 407 2412 Ampeli03
435 2318 469 2382 in
496 2339 564 2411 quo
593 2308 794 2385 consentien-

114 2408 119 2419 ’
138 2438 207 2488 tem
223 2416 319 2488 habet
331 2417 523 2497 Dukerum‚
548 2415 633 2485 fecie
648 2411 795 2512 quidem,

135 2514 163 2591 fi
178 2511 372 2616 Ampelium
385 2517 480 2588 illum
498 2519 688 2606 Symmachi
703 2513 796 2587 Sido·

136 2624 197 2692 nio
213 2647 251 2690 ae
277 2618 386 2691 ualem
407 2643 485 2690 cum
503 2621 665 2689 Savarone
686 2612 798 2702 facias,
874 2684 879 2692 .

139 2718 196 2793 etsr
216 2646 371 2793 Siionius
392 2720 432 2794 de
452 2745 493 2789 eo
514 2740 685 2825 tamquam
706 2745 799 2790 mor-
886 2773 893 2780 .,

137 2844 197 2898 tuo
226 2820 379 2923 loquitur.
441 2819 557 2913 Alios,
607 2829 671 2929 qu't
696 2818 832 2926 qaffirm

149 2960 153 2971 ·
460 2929 478 2973 *
510 2932 536 3006 6
717 2943 853 3002 occur-
