1934 3392
131 145 882 285 zia-

340 367 555 439 AMPEDUS.
717 368 775 451 1'43
817 367 819 371 ’
856 402 858 407 -

131 545 239 616 gentes
262 536 410 603 affinitate
434 541 487 624 ¹⁰)
508 539 650 605 sociaret.
694 536 779 605 The·

131 620 215 699 'eus,
246 625 291 703 ¹¹)
308 626 410 707 Aegei
425 625 527 700 filino,
555 626 607 708 qui
622 625 778 689 hlinotau·

131 726 200 772 'um
224 709 393 798 interfecit.
443 713 497 793 ¹²)
523 708 780 807 Demophontes,
874 782 879 788 ,

710 810 780 878 ejus

203 977 285 1035 liliam
314 979 479 1044 conlocavit,
511 980 569 1051 post
596 979 780 1051 Philomelam,

203 1072 315 1124 qualum
337 1054 420 1109 latum
446 1071 472 1111 et
495 1059 619 1113 mutatio.
630 1055 690 1111 satis
711 1055 779 1110 cele·

200 1126 299 1185 beetur.
335 1128 369 1183 ef.
390 1130 468 1183 Ouid.
483 1137 588 1186 Metam.
604 1133 630 1195 6,
651 1147 713 1200 444.
728 1129 781 1200 leq.

204 1205 247 1259 eth
264 1220 290 1258 et
304 1204 367 1258 haec
387 1203 475 1259 fabula
492 1207 616 1260 variatur.
654 1207 709 1260 vid.
731 1209 781 1260 ua-

207 1280 263 1334 nier
284 1279 452 1334 Gotterlehre
475 1280 527 1350 (ut
550 1281 657 1336 omnino
680 1284 707 1334 in
723 1279 780 1347 his)

207 1360 284 1410 Tom.
294 1371 319 1420 5.
335 1372 361 1424 p.
370 1355 487 1425 368.seq.
509 1373 543 1420 et,
567 1357 583 1410 fi
599 1357 675 1425 copia
692 1358 780 1416 datur,

207 1433 301 1500 Heyne
322 1431 354 1483 ad
372 1431 567 1500 Apollodorum
583 1435 618 1491 ¹T.
634 1448 657 1484 2.
679 1449 704 1500 p.
721 1442 780 1498 842.

208 1506 290 1578 Qod
310 1506 433 1574 quidam,
464 1508 545 1571 veluti
568 1504 662 1561 Strabo
684 1504 730 1560 lib.
754 1521 782 1575 9.

206 1598 232 1650 p.
247 1596 351 1652 m,291.
371 1581 458 1651 (423.)
483 1582 607 1636 Daulidls
626 1583 653 1634 ln
665 1581 782 1635 Phocide

207 1672 295 1726 regem
317 1656 437 1720 faciunt,
458 1654 505 1711 ubl
526 1656 605 1710 etiam
626 1654 714 1709 fabula
737 1655 783 1708 illa

207 1731 335 1803 originem
360 1731 449 1790 ducit,
474 1731 590 1801 explicat
611 1729 784 1798 Thucydides

209 1822 240 1868 2,
267 1822 309 1877 29.
368 1810 470 1874 Nempe
495 1820 551 1858 tum
572 1804 687 1858 Thraces
709 1803 784 1856 illum

208 1883 296 1936 locum
311 1878 471 1937 incolebant.
510 1882 581 1955 Hine
603 1896 666 1934 vero
688 1878 785 1931 intelli-

205 1956 297 2027 gitur,
322 1973 368 2010 cur
389 1957 537 2011 Daulias
565 1957 642 2011 avis
672 1955 784 2016 dicatur,

198 2033 250 2085 ,vel
277 2032 474 2086 Dauliades
496 2032 529 2085 de
554 2046 665 2100 utraque
687 2029 784 2084 sorore.

148 2164 153 2171 ,
208 2106 257 2179 ιο)
277 2104 377 2160 bellum
390 2107 459 2159 enim
474 2121 537 2160 tunc
545 2107 663 2160 Pandion
676 2101 786 2175 gerebat

207 2196 301 2239 eontra
317 2180 486 2247 Labdacum,
515 2178 666 2234 Thebarum
686 2194 785 2248 regem.

191 2258 370 2326 eApollodor.
393 2270 422 2321 3,
447 2270 496 2318 15,
517 2265 540 2317 8.
581 2253 615 2308 cf.
636 2253 715 2309 Ovid.
730 2257 787 2306 Me·

193 2346 272 2403 *mm
287 2333 321 2396 6,
342 2347 400 2398 424.
441 2331 487 2399 ιι)
508 2329 569 2383 inde
586 2329 699 2398 Aegides
715 2326 788 2396 apud

209 2422 309 2479 poetas.
344 2410 431 2461 Vitam
459 2405 592 2476 descripfit
621 2402 786 2464 Plutarchus,

211 2499 253 2536 res
268 2481 352 2551 gellus
373 2482 450 2534 etiem
471 2481 564 2551 tragici
587 2497 680 2548 poetae
694 2478 786 2533 trada-

208 2570 279 2612 tunt.
318 2559 372 2625 12)
392 2555 505 2609 adhaesit
519 2556 617 2624 aliquid
634 2572 664 2608 ex
680 2555 786 2623 sequen·

212 2628 338 2695 levabo,
358 2646 436 2699 atque
453 2630 514 2685 inde
528 2646 554 2685 et
567 2629 632 2683 illud
648 2630 714 2683 male
728 2627 788 2683 sub·

210 2708 315 2777 pletum
335 2703 378 2761 est.
417 2711 503 2776 Lege=
542 2705 788 2775 Demophoon,
830 2718 833 2725 ’

209 2782 259 2850 (fic
275 2799 370 2850 nempe
385 2782 506 2835 meliores
521 2780 649 2842 audores,
664 2797 718 2834 non
734 2783 787 2832 De-

214 2857 351 2925 mophon)
371 2856 494 2911 Thesei
514 2856 635 2918 filius,
663 2870 694 2908 ut
712 2867 790 2904 antea

131 3004 135 3011 Ι
213 2933 307 2987 eodem
323 2932 410 2988 modo,
438 2934 476 2987 lta
491 2946 556 2988 vero
570 2930 699 2995 madunt,
714 2924 808 3054 pel&

730 3015 757 3050 u
779 3011 823 3048 m·
