1934 3392
318 462 533 532 narremus,
694 475 753 549 141'

121 630 275 698 hthbniua
291 654 363 706 rex,
386 638 438 725 qui
447 633 599 717 mysteria
613 624 645 716 4')
659 635 753 700 Elem

125 738 185 783 uae
228 719 394 784 constituit.
460 722 495 800 5)
524 717 638 784 Celeus
681 741 754 785 cum

647 800 754 884 ‘Wu-

157 925 273 996 »γηγενῆ
294 927 436 995 exprimere
449 925 558 993 judicat.
598 930 630 980 Et
646 925 679 979 stc
693 942 753 995 apte
820 929 833 938 “

144 1034 146 1040 -
175 1003 291 1069 pertinet
307 1005 338 1054 ad
354 995 508 1071 uiciniam
524 1014 549 1054 et
561 1001 633 1069 quod
648 1003 753 1058 athice-

176 1090 282 1144 cropern
303 1090 386 1129 terrae
406 1077 491 1129 filium
516 1075 634 1139 faciunt,
669 1077 753 1130 veluti

148 1180 151 1185 ·
177 1150 307 1205 Antonin.
327 1149 493 1204 Liberalisiu
507 1150 679 1218 metamorph.
695 1167 753 1220 cop.

123 1291 124 1298 ἵ
177 1226 203 1279 6.
221 1226 257 1276 in.
296 1225 470 1294 Hyginsab.
493 1227 591 1293 43.in.
631 1230 752 1283 ltavero

181 1300 260 1353 etiam
279 1302 408 1367 judicavit
422 1301 570 1354 Eustnthius
589 1301 622 1353 ad
643 1305 752 1356 Homer.

177 1375 208 1427 li.
224 1390 248 1434 2,
268 1390 326 1442 547.
366 1376 399 1447 4)
421 1375 453 1428 sc.
469 1376 582 1440 Cereris,
603 1375 643 1426 uti
660 1393 754 1431 occur-

176 1450 220 1512 rit,
241 1451 282 1501 vel
299 1452 408 1503 omnino
422 1451 564 1518 legendum
579 1450 683 1503 Eleus
687 1453 694 1504 i
704 1460 755 1520 n'a,

179 1524 219 1578 uti
233 1523 303 1577 sacra
316 1526 434 1589 Eleusina
449 1525 537 1580 lustin.
553 1542 583 1589 2,
604 1536 628 1586 8.
643 1526 678 1577 in.
718 1532 755 1580 At

179 1598 278 1653 stulius
298 1601 391 1653 audias
406 1601 439 1653 de
455 1618 496 1665 te,
525 1601 704 1653 Panathenaea
726 1603 755 1655 in

174 1674 308 1728 Minervae
329 1675 455 1728 honorem
472 1676 591 1728 instituit.
629 1678 667 1728 lta
687 1675 753 1731 refe·

179 1766 241 1802 runt
255 1749 435 1803 Eratosthenes
451 1751 476 1801 in
493 1749 672 1803 catasteristnia
688 1768 710 1803 c.
721 1765 753 1814 13.
786 1814 790 1819 Ι

179 1825 337 1893 Apollodot.
351 1841 381 1894 3„
396 1843 430 1892 14,
452 1826 477 1878 6.
493 1853 531 1893 -ss
549 1840 707 1891 quamquam
720 1824 755 1879 ad
832 1834 836 1841 '

177 1903 201 1952 T
203 1899 274 1951 heser
289 1900 394 1966 quidam
410 1899 575 1951 referendum
590 1914 692 1966 putant.
720 1899 755 1954 cf.

174 1973 311 2027 Plutarch.
328 1976 353 2028 in
371 1974 470 2028 Theieo
485 1990 541 2042 cap.
557 1989 597 2047 η,
612 1990 647 2025 m.
686 1977 756 2028 Pau.

179 2048 232 2102 son.
249 2060 274 2110 8,
287 2065 320 2103 ιε.
360 2055 460 2103 Neuter
475 2065 561 2101 tumen
575 2065 714 2119 repugnat,
736 2050 754 2104 st

174 2125 234 2193 quis
256 2122 288 2176 ab
309 2141 340 2176 eo
362 2127 452 2193 potius
468 2123 542 2177 nucia
563 2138 589 2174 et
610 2141 755 2197 propagata

177 2199 249 2252 veh't.
289 2203 382 2257 Forte,
410 2200 483 2265 quod
502 2201 554 2264 jem
578 2199 754 2252 minuetum
840 2228 847 2237 =

176 2273 226 2328 effe
242 2272 319 2325 docet
336 2272 482 2325 Enii-athius
503 2273 535 2324 ad
556 2274 709 2325 Hormou.
727 2288 753 2337 2,

178 2364 238 2418 549.
271 2348 421 2401 commiscet
456 2345 656 2400 Erichthonium
692 2364 754 2400 curn

175 2421 337 2486 Erechtheo,
363 2439 441 2490 quem
461 2422 652 2475 Elettsrniorurn
675 2423 754 2475 etiam

177 2497 428 2551 austoremfaciunr.
467 2497 753 2564 Aliialiterpraeterea.

179 2573 213 2642 5)
232 2574 258 2625 in
272 2571 376 2626 Cereris
399 2569 531 2624 erroribus
545 2572 684 2639 aliquoties
699 2589 752 2623 me-

179 2661 296 2699 moratur
318 2646 386 2713 aput]
402 2649 547 2698 Homerum
564 2645 590 2696 in
606 2645 705 2712 hymno
725 2646 754 2699 in

178 2725 301 2773 Cererem
318 2739 342 2772 r.
359 2737 381 2772 c.
396 2739 420 2772 v.
433 2723 477 2789 96.
494 2717 754 2787 ubiKeipoetaehaev·

179 2798 243 2857 ehoe
258 2810 375 2860 vocatur,
395 2797 498 2862 qualem
508 2793 585 2846 etiam
600 2793 754 2861 facirApoi-

179 2867 265 2921 lodor.
281 2885 299 2927 t,
313 2885 337 2931 5.
349 2869 386 2921 in.
399 2883 425 2923 et
439 2889 464 2922 v.
474 2885 533 2935 474.
554 2861 661 2937 ιῖγῆτωρ
674 2868 751 2923 λαῶν.
792 2922 797 2929 ,

178 2943 326 3012 Coniungit
345 2957 431 2996 autem
448 2943 532 2997 noster
542 2958 605 3005 ¹cum
621 2943 753 3009 Triptole-

180 3033 225 3071 mo
246 3015 297 3087 (ita
318 3017 387 3073 enini
407 3034 456 3087 pro
470 3017 695 3086 Treptoiemo
715 3014 753 3066 ie·

649 3086 778 3156 mertuum
