1934 3392
360 446 576 520 annuamus.
728 464 791 537 207
850 530 853 535 ¹

139 628 210 706 pter
230 617 370 698 virgines
388 626 506 700 raptas.
549 616 613 683 Sub
635 618 670 699 ²)
693 618 791 683 Tullo

141 727 216 769 cum
230 703 369 766 Albanis.
412 707 440 787 ί)
462 705 594 767 Pontius
617 702 793 779 Telesinus,
842 722 850 730 ’

140 791 203 853 dux
217 786 411 860 Samnitum,
440 789 492 869 qui
508 788 547 849 ad
561 788 715 852 Caudinas
730 786 793 851 fur·

129 873 227 953 ‚culas
234 872 399 934 Romanos
413 870 590 956 subjugum
604 870 694 934 mifit.
717 871 739 934 Ρ
780 904 792 921 ·

140 959 227 1030 rhus,
238 956 529 1036 Repricotarum3
552 957 605 1040 qni
619 976 678 1038 pro
694 888 793 1029 ‘albara-

140 1041 273 1106 reminis
300 1041 417 1103 bellurn
440 1062 510 1103 cum
528 1042 678 1104 Romanis
693 1038 793 1121 geffit,

141 1126 313 1205 vastataque
344 1125 512 1205 Campania
542 1124 582 1187 ad
610 1124 792 1187 vicesimum
844 1156 850 1163 ·

142 1213 167 1295 5)
178 1210 217 1272 ad
226 1209 333 1272 urbem
347 1210 501 1290 pervenit,
525 1230 601 1272 mox
617 1231 634 1270 a
648 1206 679 1289 ⁶)
694 1208 793 1272 Curio

142 1307 173 1358 et
185 1293 331 1358 Fabricio
350 1291 448 1356 uuus
465 1295 498 1354 in
514 1295 645 1374 patriam
665 1289 792 1356 conces-

142 1379 193 1455 fit,
220 1390 337 1441 etcum
352 1379 505 1460 llchajam
522 1379 616 1440 armis
630 1376 683 1440 sub
698 1376 728 1440 se
743 1396 792 1438 re·

142 1460 289 1548 degilsct,
311 1465 340 1546 7)
353 1462 572 1527 Macedoniam
588 1482 712 1548 quoque
727 1463 792 1524 An·

673 1548 792 1629 tigono

215 1652 375 1725 quibuscum
402 1652 479 1708 etiam
504 1652 605 1709 bellum
625 1648 725 1722 gestum
747 1649 792 1711 est,

217 1731 412 1784 concitaverant
425 1727 526 1790 Sabini,
555 1728 624 1797 (vid.
641 1728 695 1780 Liv.
711 1740 733 1788 ι,
750 1741 792 1779 10.

213 1804 276 1872 in.)
298 1805 429 1872 iidemque
457 1818 530 1857 erant
554 1802 638 1856 hostes
665 1800 792 1868 potiores.

217 1879 270 1950 (ib.
289 1895 308 1941 1,
329 1894 360 1932 ιι,
373 1878 425 1949 m.)
452 1879 503 1933 Sed
517 1878 582 1930 illud
599 1874 726 1944 praefero.
765 1873 794 1940 a)

218 1954 326 2008 Tullo
342 1954 412 2015 (ledi,
433 1952 511 2021 quad¹
523 1969 548 2006 et
563 1947 718 2005 emendabat
735 1951 792 2002 Du·

212 2027 303 2092 karus,
318 2046 366 2097 pro
381 2029 485 2098 vulgari
500 2027 631 2082 Tullio.
660 2025 702 2082 Est
714 2023 793 2077 Tul·

218 2106 276 2158 lus
297 2104 477 2159 Hostiliae.
516 2108 558 2157 De
578 2120 606 2156 re
626 2101 683 2154 Liv.
706 2117 733 2166 ι,
753 2113 791 2162 23.

220 2180 247 2246 3)
266 2178 319 2232 vid.
336 2179 411 2246 supra
425 2179 584 2244 adcapao.
624 2175 655 2242 4)
671 2174 792 2227 indeTa·

217 2252 351 2309 reatinum
380 2253 457 2306 etiam
483 2249 583 2304 bellum
612 2249 718 2301 dicitur.
758 2244 792 2299 cf.

89 2388 105 2399 ο
214 2341 319 2399 praeter
342 2329 409 2382 alios
430 2330 541 2393 Eutrop.
562 2340 591 2384 2,
613 2339 642 2378 n.
663 2321 722 2390 (6.)
760 2320 793 2388 5)

219 2403 355 2457 Heinsius:
383 2398 424 2455 ab
444 2397 528 2454 urbe
547 2397 710 2468 lapidem.
748 2395 793 2450 Sic

218 2477 312 2532 Florus
326 2478 405 2530 tradit
420 2494 438 2537 ι,
459 2486 502 2538 ι8.
522 2491 562 2543 24.
585 2489 611 2528 et
625 2470 714 2526 noster.
725 2471 794 2526 infra

220 2568 278 2621 cap.
294 2567 333 2618 45.
369 2552 401 2619 (ι)
416 2549 517 2604 inverso
530 2548 714 2618 ordineponit.
735 2546 793 2601 Pri·

219 2644 293 2680 mum
307 2624 443 2679 Fabricius
457 2624 546 2678 millus
562 2623 605 2683 eu.
627 2622 721 2675 deinde
736 2624 792 2675 Cu.

151 2736 164 2769 ·:
217 2702 275 2755 aius
295 2703 426 2755 Dentatus
453 2714 479 2752 et
505 2698 645 2754 Cornelius
665 2697 792 2751 Lentulus

220 2778 307 2831 CoSS.
322 2775 390 2829 circa
404 2793 502 2830 annum
520 2783 579 2840 478.
613 2772 666 2826 vid.
681 2776 793 2839 Eutrnp.

220 2868 251 2910 2·
271 2866 314 2918 14.
334 2851 390 2920 (8.)
437 2850 474 2919 7)
495 2850 563 2903 recle
584 2863 609 2901 et
630 2847 721 2902 ordine
742 2846 793 2898 hoc

218 2925 373 2994 praecedere
394 2924 514 2978 debebat.
530 2926 535 2933 ’
554 2923 611 2977 Poll
633 2938 726 2988 nempe
747 2920 792 2971 de-

218 3015 293 3055 mum
314 3002 410 3073 maiora
430 2996 598 3067 aufeuabn,
622 3012 649 3052 ea
668 2993 805 3051 macene

495 3084 498 3089 ·
699 3076 829 3132 aeguum
