1934 3392
347 275 561 342 Anenntn.
721 273 784 363 167

133 443 224 510 litari
239 464 305 508 non
319 445 430 527 potest,
454 448 541 528 paria
558 446 604 507 eis
619 445 783 528 praestata·

131 551 202 594 rum
216 550 283 592 non
297 529 393 593 fnisse.
436 534 477 614 ²²)
493 530 627 604 l'aitllnS,
650 534 784 614 quicum

132 615 352 681 Macedoniam
366 614 498 690 viciss'et,
524 625 556 676 et
570 615 735 678 Graeciam
748 617 785 678 li·

132 696 271 772 berass'et,
295 709 326 761 et
339 701 379 778 ²³)
396 698 661 781 opulentiffnnum
675 701 784 763 trium-

132 784 232 867 phum
253 782 454 864 reportasset,
482 785 565 847 inter
578 784 661 866 ipl'os
675 786 783 848 trium*

131 869 187 952 phi
209 867 295 941 dies,
324 867 435 930 atniffis
457 868 580 945 duobus
602 869 709 932 liberis
723 886 784 951 pto

133 953 293 1017 concione
306 951 401 1025 dixit,
428 952 479 1034 ²⁴)
499 956 614 1034 gratias
638 953 667 1016 le
688 974 784 1036 agere

131 1037 297 1110 fortunae,
328 1035 413 1118 quod
436 1037 574 1099 insuam
597 1042 703 1118 potins
726 1039 784 1101 do·

131 1140 240 1195 mum,
263 1140 356 1202 quani
376 1121 409 1181 in
432 1122 658 1202 rempublicam
679 1121 784 1186 saevis-

130 1205 187 1271 set.
230 1206 304 1269 Dno
320 1206 454 1268 Metelli:
477 1225 613 1288 qnorum
628 1208 705 1271 alter
718 1208 785 1270 lla·

133 1291 324 1361 cedonicUS,
369 1287 498 1355 devitiis
535 1292 784 1364 lllacedonibus;

131 1378 187 1463 qui
203 1378 245 1456 ²5)
261 1374 478 1451 Contrebiam,
508 1376 785 1460 inexpugnabilem

677 1459 784 1542 Hispa·

112 1576 117 1583 ·
208 1554 276 1607 P.R.
296 1550 604 1619 (populutnllomanutn)
625 1550 785 1624 futurum

208 1643 277 1682 non
303 1625 418 1678 fnil'se.
461 1625 511 1693 22)
531 1625 676 1688 Aemilius,
698 1625 785 1680 dinus

209 1702 272 1755 inde
296 1700 493 1754 Macedonicus.
533 1699 567 1752 cf.
589 1716 646 1767 cap.
670 1701 710 1756 16.
737 1697 786 1754 ubi

211 1775 393 1831 ettdcutatius
408 1773 695 1843 Paullusscribitut,
713 1775 785 1844 qnod

209 1849 362 1921 praeferunt
381 1850 524 1920 Capitolini
543 1849 644 1920 lapides
659 1866 684 1905 et
699 1850 783 1907 numi.

211 1924 288 1980 Posui
302 1923 382 1994 igitnt
397 1926 477 1978 ethic
492 1942 540 1994 pto
556 1927 682 1994 vulgato:
704 1930 785 1979 Pnu-

207 2003 273 2055 l-us.
325 2001 382 2067 23)
410 1999 479 2051 inter
498 1999 670 2069 pulcerrimos
692 2016 785 2052 nume.

113 2090 116 2097 ·
207 2090 250 2130 tat
271 2073 364 2127 Florus
380 2088 410 2130 2.
431 2088 473 2137 12,
495 2089 530 2126 12.
558 2072 655 2141 quippe
674 2073 719 2140 qui
738 2062 785 2142 pit

210 2149 328 2205 triduum
344 2165 439 2216 niagno
448 2165 507 2200 cum
517 2147 641 2216 adparatu
655 2147 727 2201 allus
741 2146 786 2202 est.

211 2224 269 2293 2⁴)
289 2223 322 2275 sic
343 2238 368 2275 et
381 2222 472 2276 Aurel.
491 2221 607 2277 vinno
628 2227 660 2278 V.
684 2225 704 2277 1.
726 2238 785 2292 cap.

108 2334 124 2355 -.
212 2301 264 2364 56,
285 2316 324 2365 4.·
336 2298 490 2353 Orationem
506 2297 599 2363 instem
620 2297 694 2367 gravi
712 2297 786 2352 lullu

213 2370 373 2428 constantem
391 2370 497 2424 exhibet
510 2372 599 2425 Livius
615 2388 656 2438 45,
671 2388 709 2438 4¹·
724 2389 786 2427 cum

213 2464 268 2517 quo
283 2446 366 2516 potest
379 2445 492 2500 conferti
506 2445 591 2506 Valet.
605 2450 674 2507 Max,
688 2460 721 2513 5,
742 2464 786 2513 10,
857 2460 860 2467 ·

213 2538 238 2579 2.
258 2519 322 2575 ubi:
354 2520 470 2583 lovem
499 2535 671 2589 precatus
697 2520 785 2584 sum,

210 2611 266 2664 ut,
295 2594 321 2649 si
347 2594 486 2651 adversi
514 2595 600 2664 quid
622 2598 651 2649 P.
669 2593 701 2650 R.
722 2598 786 2651 im·

212 2672 379 2734 minetet,
412 2682 522 2723 totum
543 2670 577 2721 in
598 2685 702 2730 menni
724 2672 787 2724 do.

204 2761 296 2805 mum
318 2755 604 2804 converteretur,
643 2744 789 2813 25)inalia

214 2819 325 2901 quiden
345 2816 513 2895 expeditione
538 2817 828 2939 eentteffllptnnt&
