1934 3392
245 336 251 343 ·
332 297 550 395 amamus.
707 332 771 412 ¹95

125 507 149 550 te
171 483 201 571 6>
218 489 433 566 circumvenit,
456 492 641 576 effecitque,
662 501 699 560 ut
715 495 769 560 ab·

125 572 222 636 licato
238 576 414 657 magistratu
428 577 579 650 accusari,
602 588 693 661 atque
715 582 768 644 da·

125 659 231 732 unati,
260 663 289 738 ²)
314 661 404 723 variis
431 659 590 742 suppliciis
615 665 768 744 puniren-

125 758 173 808 ur.
215 739 246 828 ⁸)
268 745 392 823 Tertia,
411 757 544 900 piropter
565 749 768 895 matrimotltia

461 847 481 900 2
658 837 685 906 ⁹)
697 853 718 919 p
733 853 765 899 e·

186 1018 302 1071 naret,
341 1002 482 1060 oblitus
511 1019 543 1060 et
569 1008 762 1066 Lucretiae
848 1066 853 1071 ,

187 1095 219 1134 er
238 1097 357 1151 regum
377 1096 410 1134 et
426 1080 536 1152 juris,
575 1084 667 1151 quod
687 1084 761 1153 ipse

182 1156 430 1225 composuerat
455 1153 576 1226 (Xvir).
621 1158 661 1231 6)
681 1161 759 1222 male,

181 1230 255 1298 quod
269 1230 346 1284 fluxit
360 1247 392 1284 ex
407 1227 532 1299 ambigua
547 1231 617 1285 Floti
633 1233 682 1289 ol,
699 1251 758 1288 nar-

183 1305 284 1359 ratione
299 1303 360 1359 hac:
380 1320 488 1359 rotam
510 1321 579 1358 eam
600 1305 757 1362 dominn-

165 1378 760 1437 ·rionemobleslainarmisincar·

182 1468 293 1507 cerem
320 1468 353 1506 et
380 1469 526 1507 catenas
545 1453 583 1508 nb
605 1456 756 1510 Aventi-

181 1544 225 1583 no
251 1541 367 1582 monte
393 1527 560 1581 detraxit.
600 1533 656 1584 imo
677 1529 755 1600 plebs

179 1601 275 1655 secelitr
289 1603 315 1655 in
331 1615 448 1655 montem
463 1601 643 1667 Aventinum,
670 1620 696 1658 et
715 1603 755 1660 ibi

143 1709 146 1713 -
180 1675 322 1743 constituit,
338 1673 497 1743 quaenostet
506 1673 619 1742 subjicit.
650 1677 677 1748 7)
692 1682 716 1732 A
724 1695 755 1747 p.

181 1749 457 1818 piusetOppius
476 1750 512 1801 in
533 1749 677 1805 vincula
697 1753 754 1807 du.

179 1823 237 1878 cti.
290 1823 461 1893 Collegae
486 1839 605 1879 eorutn
631 1826 754 1883 exsilii
855 1836 869 1847 ⁴

177 1896 632 1964 cariofolum-vetretum
660 1899 752 1957 bona

175 1971 362 2042 publicata
379 1972 464 2026 sunt.
486 1974 542 2026 Liv·
558 1990 582 2040 3,
602 1976 678 2038 suf.
717 1977 750 2049 8)

150 2056 210 2100 'ex
231 2048 310 2101 Floro
332 2047 392 2099 irem
412 2061 439 2106 ι,
458 2057 497 2107 25.
525 2046 573 2101 ubi
591 2049 640 2103 stc:
675 2063 749 2109 rer-

171 2121 253 2175 tiatn
306 2119 518 2175 seditionem
574 2122 752 2179 excitavit

176 2195 485 2249 matrimoniorum
504 2195 685 2266 dignitas.
712 2213 749 2255 ut

170 2269 307 2339 plebeji
334 2287 407 2324 cum
432 2269 601 2338 patriciis
622 2272 749 2344 junge·

172 2360 307 2412 rentur,
325 2345 386 2413 qui
403 2345 581 2401 tumultus
601 2347 635 2406 in
657 2365 746 2402 mon.

171 2432 204 2474 te
230 2420 410 2480 laniculo,
449 2419 538 2473 duce
568 2423 744 2492 Canuleio

168 2490 464 2561 tribunoplebis,
485 2493 626 2548 exarsit.
653 2499 689 2553 At
702 2499 745 2553 Li.

171 2568 231 2623 vius
245 2585 270 2634 4.
287 2567 322 2620 in.
344 2581 446 2622 rantum
461 2584 547 2622 narrat
562 2570 595 2624 de
608 2571 742 2629 connubio

171 2656 276 2710 petrum
292 2653 317 2694 et
328 2639 414 2710 plebis
428 2641 672 2715 aullorecanulejo
686 2664 741 2703 tna·

165 2730 219 2785 gni
235 2715 755 2793 contentionepatnbuanuereouannn-

159 2786 234 2841 tibus
253 2789 343 2858 legem
363 2794 504 2863 perlatam
522 2795 590 2853 eila.
633 2802 725 2855 nuno
743 2803 777 2844 ee

149 2863 257 2921 mentio
268 2863 374 2937 miella
391 2870 441 2954 eil,
466 2889 507 2934 ur
518 2876 655 2939 alterum
667 2887 707 2927 ex
720 2878 821 2989 2³&-
