1934 3392
310 285 527 356 AMPELIUS.
704 309 743 374 9¹

112 458 245 603 gistum-3
266 454 350 522 inter
357 454 414 523 has
422 455 640 522 columnaaest
653 455 747 533 ⁸⁴)vi·

152 541 195 603 ria
208 539 328 618 ferrea,
350 541 390 622 ὃς)
406 543 548 625 pendens
562 541 627 605 fine
642 543 747 627 aliquo

112 624 233 699 vinculo,
248 627 281 689 in
296 647 369 689 aere
382 627 505 691 ludens.
536 625 599 690 Sed
616 624 761 711 8⁶)quo-'

112 706 176 773 tiens
195 719 309 775 ventus
330 722 384 775 aut
405 713 509 794 pluvia
529 711 642 787 suerit,
681 730 748 775 non

112 784 142 875 ⁸²)
155 803 271 862 movet.
309 793 352 877 88)
369 796 473 861 Aedes
480 796 601 862 Dianae
608 795 747 880 Epheso,

653 901 747 966 quam

164 1058 306 1130 Magnesia,
325 1076 378 1113 una
394 1059 427 1113 ad
440 1059 612 1113 Maeandrum
627 1057 690 1114 siuv.
706 1059 744 1113 al·

166 1147 218 1188 tera
239 1134 415 1205 ad.Sipylum
436 1149 569 1198 montem,
609 1140 744 1203 tranversa

163 1204 227 1280 rea'e
246 1208 347 1277 Σιπῦλῳ
375 1209 488 1264 Ptolem.
508 1224 542 1274 5,
560 1222 583 1263 a.
604 1208 631 1262 in
651 1210 744 1280 Lydia.

166 1285 201 1337 Η.
223 1282 398 1354 Magnissa
418 1285 436 1339 s.
458 1284 651 1339 Manachie.
693 1285 744 1357 84)

166 1358 286 1430 intellige
307 1362 363 1428 ejus
377 1359 517 1431 imaginem
532 1358 673 1429 expressam
689 1359 744 1413 for-

163 1446 204 1489 ma
224 1438 314 1488 alatae
328 1435 457 1506 virginis,
490 1451 557 1505 quae
578 1432 743 1503 coronam-s.

162 1510 274 1579 primam
290 1527 369 1564 manu
383 1510 480 1582 gestat,
509 1510 593 1578 qualia
609 1509 636 1563 in
651 1510 743 1565 multia

115 1590 118 1595 '
165 1586 250 1640 numia
259 1584 407 1641 exhibetur.
446 1585 489 1656 ες)
510 1585 560 1639 hoc
576 1583 689 1655 spesiare
703 1585 742 1638 vi·

164 1660 241 1715 denar
258 1662 350 1717 isidor.
373 1660 470 1732 origin.
494 1661 539 1724 16,
567 1676 592 1727 4.
622 1656 669 1713 ubi
692 1659 741 1713 sic:

164 1733 501 1797 Undefacrumest‚
538 1747 578 1788 ut
602 1732 742 1788 intem·

111 1828 115 1837 ’
164 1815 220 1884 pl'o
252 1814 401 1885 quodam
437 1810 664 1866 simulacrum
703 1826 742 1862 ex

164 1887 258 1944 ferro
294 1888 447 1958 pendere
472 1886 508 1939 in
535 1902 613 1939 aere
639 1885 743 1940 vide·

162 1978 264 2018 retur.
304 1964 416 2020 Causam
438 1962 554 2031 explicat
568 1978 601 2013 ex
615 1964 742 2030 Magneta

163 2038 258 2109 sapide,
279 2055 292 2092 a
310 2056 364 2108 quo
379 2037 478 2091 serrum
493 2034 596 2088 adtrahi
611 2048 638 2087 et
655 2033 740 2088 reneri

163 2114 270 2168 conisae.
311 2114 402 2167 Simile
416 2110 517 2179 aliquid
533 2109 615 2177 vulgo
631 2108 664 2161 de
679 2112 741 2163 Mu·

159 2185 277 2243 hamedia
299 2188 389 2243 loculo
414 2187 505 2240 fertur.
551 2184 604 2253 86)
626 2184 659 2238 sic
685 2200 741 2238 uon

162 2262 245 2318 solum
262 2259 448 2319 inCodicibus
464 2261 633 2329 antiquorum
649 2258 740 2314 ausso-

161 2354 219 2392 rum
233 2338 308 2407 saepe
323 2336 435 2408 legitur,
462 2335 506 2390 sed
529 2351 555 2390 et
576 2332 739 2405 probatura

157 2414 224 2469 viris
238 2412 334 2478 dosiis,
356 2412 469 2466 velutin
487 2411 621 2465 Brunckio
640 2409 667 2463 in
678 2410 738 2467 Vir·

157 2489 240 2559 gilio,
269 2485 431 2544 Ruhnkenio
452 2486 480 2539 in
500 2487 602 2554 Velleio
627 2485 740 2554 aliisque

159 2561 234 2617 aiibi.
273 2566 313 2618 Ira
332 2580 356 2617 c.
377 2578 415 2634 19.
439 2562 583 2616 totiens.
629 2560 738 2634 87)sc.
778 2576 780 2581 ·

156 2636 198 2701 se,
223 2638 262 2692 uri
285 2637 349 2693 soser
368 2637 420 2692 hoc
441 2635 551 2691 verbum
578 2636 652 2707 poni.
700 2640 738 2689 sta

158 2728 319 2781 verrere,
339 2726 492 2776 murare,
516 2713 681 2767 volutare
700 2736 738 2749 -

157 2789 323 2858 omninoque
345 2787 418 2858 saepe
439 2787 470 2841 se
491 2799 517 2841 er
538 2777 636 2843 scoria
661 2781 743 2837 om'u·

156 2876 257 2919 sunm
301 2863 356 2931 88)
383 2862 467 2935 vulgo
494 2865 611 2919 aedis.
659 2858 758 2984 δῦἓῖ
