1934 3392
84 212 160 903 i

330 294 379 345 DE
407 294 590 346 AMPELIO'.
691 295 787 346 xxm

142 486 179 538 ex
192 456 249 532 illo
260 480 430 559 acceperat,
456 457 657 533 Sinnondo
649 487 681 532 in
692 464 785 560 igno

141 568 161 635 ti
180 558 369 660 obscurique
396 568 542 635 nominis
561 559 710 660 scriptura
739 580 786 635 et-

141 691 190 739 ror
204 661 327 737 admitti
335 670 492 839 potqerit‚
509 671 583 739 etin
598 670 646 737 his
660 663 786 739 admitti

141 763 252 851 soleat,
286 771 391 867 quivis
412 763 507 840 facile
530 767 690 880 intelligit
741 772 786 841 At

85 866 369 951 ,dubitationem
383 896 521 947 omnem
538 867 637 943 sustul
626 866 726 954 uss'et,
754 890 786 943 et

85 970 399 1099 disceptationem
409 969 593 1059 diremisset,
613 971 638 1044 ii
653 966 786 1074 placuis-

85 1032 180 1147 set
197 1071 397 1178 Sirrnondo,
420 1071 652 1173 praefationem
670 1071 784 1148 adscri-

85 1238 88 1269 =
140 1176 227 1265 bere,
252 1202 389 1277 quami
366 1168 423 1252 sibi
441 1205 459 1248 a
474 1181 610 1252 Pithoeo
625 1171 785 1250 ostensam

85 1310 87 1315 ·
139 1274 227 1351 fuiss'e
241 1278 397 1353 adfirmat.
431 1285 579 1354 Primum
592 1303 702 1354 autem
718 1277 784 1352 edi·

85 1354 90 1435 i
139 1380 182 1454 dit
198 1385 285 1455 hunc
306 1381 447 1480 Ampelii
468 1383 591 1455 librum
611 1378 795 1467 Salmafius'

139 1482 232 1557 Floro
258 1481 435 1582 adpensum
464 1484 621 1585 Lugduni
651 1489 784 1557 Batavo·

92 1672 96 1679 Ι
138 1612 206 1658 rum
221 1591 259 1658 16
260 1601 309 1674 3.8
327 1611 408 1658 12.e
390 1609 518 1685 etqua
534 1593 655 1659 ratione
673 1588 784 1700 egerit,

136 1713 297 1788 quamque
305 1714 439 1789 operam
454 1687 648 1771 adhibuerit,
671 1680 759 1786 ipse
752 1711 785 1756 in

85 1798 88 1805 '
135 1784 640 1891 praefationesiccommemorat:
656 1786 784 1888 „Qae
818 1810 827 1829 ⁸

135 1911 307 2013 potuerunt
338 1887 405 1962 fine
434 1919 558 1991 magno
583 1897 720 1991 negotio
751 1910 784 1963 et

135 1999 208 2068 citra
222 1998 371 2065 nimiam
361 1992 552 2067 libertatem
574 1993 729 2092 castigari,
745 2018 783 2063 ea

133 2118 331 2170 correximus
339 2121 462 2166 omnia.
515 2093 657 2167 Plurima
671 2117 783 2167 tamen

133 2204 230 2272 etiam
251 2197 459 2295 reliquimus,
486 2223 569 2294 quae
584 2193 782 2269 facillimum

132 2320 196 2372 etat
216 2299 379 2372 restituere
407 2320 438 2369 et
460 2304 578 2370 mutari
595 2321 665 2371 tuto
689 2320 780 2397 pote

129 2421 218 2489 rant;
253 2396 306 2472 sed
332 2401 447 2472 intadta
469 2397 544 2471 ideo
572 2397 782 2498 praetermis:-

128 2530 224 2588 mus‚
246 2506 328 2601 quia
344 2523 469 2574 tanturn
493 2502 587 2573 nobis
607 2501 704 2575 licere
720 2529 780 2574 no·

127 2606 273 2690 luimus,
299 2625 330 2676 et
349 2631 418 2676 non
437 2625 514 2677 tanti
506 2599 593 2676 visa
606 2599 677 2677 sunt
697 2632 780 2677 non-

127 2706 220 2783 trulla
235 2731 363 2791 eorum,
389 2727 424 2778 ut
438 2702 622 2805 scripturam
636 2728 784 2781 veterem

123 2805 577 2929 toflicitandamputaremus
600 2808 805 2891 Fatendum

754 2909 828 2995 effi,
