1934 3392
338 441 554 510 AMPELIUS.
710 452 772 522 225

137 616 218 690 iarn,
240 621 275 678 ut
287 612 444 678 Romanas
464 611 644 694 provincias
669 629 770 692 popu·

137 709 255 774 aretur,
278 710 369 781 atque
384 699 446 782 ipse
460 721 477 760 a
492 695 663 770 Ventidio,
683 695 768 776 lega-

137 784 240 850 qulii
252 783 398 861 Caesaris,
419 784 458 868 ¹³)
472 780 594 847 occisus
609 779 663 845 est.

162 994 167 1001 .
193 952 273 1008 minis
288 970 343 1008 non
356 953 500 1009 admittunt
514 949 700 1021 conjekiurem.
722 951 768 1002 Et·

190 1028 244 1082 iarn
258 1045 395 1097 perperam
402 1029 556 1087 Ventidium
571 1027 635 1081 fecit
649 1026 768 1095 legatum

190 1103 252 1157 Iulii
268 1103 402 1170 Caesaris,
423 1104 468 1173 qui
483 1104 534 1158 fuit
547 1100 668 1158 Antonii.
707 1102 767 1152 Du·

188 1173 281 1233 kems.
320 1178 354 1233 cf.
375 1177 506 1233 Plutarch.
527 1178 555 1232 in
572 1174 693 1231 Antonio
706 1188 765 1240 cap.

189 1268 230 1320 34.
247 1253 281 1306 in.
303 1268 336 1307 er
350 1252 437 1309 lustin.
459 1268 508 1320 42,
533 1271 559 1322 4.
604 1250 660 1320 13)
680 1250 709 1310 ἰν
729 1251 765 1320 τῇ

171 1327 326 1403 Ιιίνῇιιςυηῐ
343 1329 371 1384 in
391 1328 477 1400 Syrie.

321 1558 408 1624 Cns.
422 1557 554 1623 XXXII.

179 1708 272 1781 Reges
294 1708 483 1782 Cappadociae
503 1724 531 1762 et
550 1704 698 1789 Arsaniae.

173 1861 351 1940 Tigranes,
373 1826 502 1944 quiiam
516 1867 542 1931 ¹)
556 1858 686 1939 scriptus
701 1853 761 1926 est3

137 1945 163 2009 ri
181 1943 278 2007 tertio
298 1946 327 2024 ²)
342 1945 463 2010 Punico
478 1944 563 2009 bello
578 1941 762 2028 perdomuit

401 2027 474 2118 K5
550 2086 553 2092 ,
706 2023 760 2089 sub

143 2177 168 2249 ¹³
179 2180 446 2319 inritis?
468 2173 759 2308 i‘1222}“⁵¹'‘⁰‘:rii

181 2324 285 2378 volunt.
324 2329 361 2378 lte
382 2342 445 2380 vero
466 2328 544 2381 eriam
565 2324 623 2396 post
642 2343 699 2398 cap.
720 2342 758 2398 33.

182 2401 223 2452 De
239 2415 266 2452 re
282 2415 338 2469 cap.
355 2400 423 2463 18.f.
457 2400 603 2472 cietcnp,
621 2404 664 2472 46.
703 2405 756 2457 Ce.

180 2487 264 2526 rerum
285 2474 313 2527 in
332 2477 389 2530 hoo
405 2476 507 2545 capite,
533 2478 606 2547 quod
621 2493 645 2535 er
661 2476 756 2533 Duke-

180 2564 226 2602 rus
248 2549 368 2613 monuit,
394 2553 483 2607 ornnie
500 2552 551 2607 five
571 2555 651 2624 ipfius
666 2557 756 2623 aneio.

178 2622 230 2684 ris,
256 2623 307 2678 sive
327 2623 440 2678 aliorum
454 2628 519 2683 vitio
533 2626 595 2684 fnlse
608 2631 649 2687 vei
664 2633 754 2702 prodi·

177 2696 248 2767 giose
258 2714 380 2769 corrupta
395 2700 472 2767 sunt,·
485 2704 604 2774 exceptis
617 2706 659 2771 iis,
685 2725 753 2777 quse

179 2773 212 2825 de
228 2772 394 2829 Timoleonte
416 2778 566 2833 traduntur.
606 2782 640 2852 2)
659 2781 691 2836 sic
706 2784 753 2837 ire·

179 2863 237 2900 turn
253 2864 310 2916 cap.
325 2851 369 2915 46,
391 2866 421 2901 ex
436 2870 491 2920 quo
505 2857 627 2924 adparet,
648 2855 690 2909 hic
706 2857 752 2910 ali·

175 2937 228 2989 qua
250 2921 379 2975 excidiffe.
425 2928 620 2983 Freinshemius
636 2929 668 2981 ad
683 2931 754 2984 Flot.

176 3012 205 3061 3›
223 3010 257 3059 5»
275 3009 316 3062 27.
337 3010 431 3068 pum,
459 3004 623 3076 Ampei'mm
643 3003 797 3124 iecorum&2

353 3107 355 3111 ·
738 3091 755 3124 e
