1934 3392
350 303 566 374 AMPELIUS.
728 322 784 372 111

153 461 330 548 leniifilius,
352 475 403 557 qui
424 475 467 559 ²⁹)
484 417 652 558 Aegyptiis
666 474 788 623 Ηῒῒενεῖ
832 496 834 500 ·
864 480 866 485 ’

366 576 385 592 “·
426 614 429 619 .
755 581 772 622 e

210 693 292 767 gentil
312 691 427 765 Mythol.
443 714 469 761 r.
489 714 528 764 24.
549 716 563 752 e
577 696 668 755 Servio
682 692 715 750 etl
728 695 788 753 Vir·

211 769 257 838 pil,
270 773 392 838 Aen-4,
410 784 468 838 577.
498 773 548 841 (cf.
570 775 603 827 ad
623 780 654 833 ιζ
670 771 741 838 301.)
761 783 788 825 et
871 772 880 783 “

213 842 301 898 Schol.
317 844 390 899 Statii
404 847 436 899 td
445 845 572 902 Thebaid.
584 864 607 914 3,
622 859 678 914 483.
695 862 787 914 quam-

214 935 291 987 quam
303 919 341 972 ibi
356 936 380 972 et
395 920 426 973 nd
443 920 582 976 Aloricutn
595 939 651 991 cap.
667 937 707 976 22.
728 921 787 983 vul·

214 998 418 1063 petuntquoque
426 996 531 1049 retineri
547 997 709 1065 polieputnt.
727 996 786 1050 Du·

214 1067 304 1122 kerue.
340 1071 430 1143 Vulgo
446 1072 665 1140 nempeQuilleni
679 1071 788 1139 legitur,

215 1142 287 1211 quod
310 1157 335 1195 et
358 1143 478 1197 Davisius
499 1147 531 1198 ed
553 1146 639 1200 Cicer.
667 1163 689 1199 c.
713 1145 730 1197 l.
758 1145 787 1197 in
885 1200 890 1207 ,

159 1240 162 1247 ·
212 1217 355 1286 Cylleni
377 1221 534 1272 mutandum
549 1219 642 1278 censet.
663 1219 706 1272 etsi
721 1219 787 1288 Cyl-

214 1292 325 1352 leniunu‚
345 1293 377 1346 tle
390 1295 532 1363 Mercurio,
552 1312 566 1349 e
580 1294 690 1364 Cyllene
704 1295 788 1347 Arca·

215 1367 271 1420 tliee
294 1382 382 1422 monte
403 1369 521 1423 derivare
546 1370 628 1423 solent
650 1373 788 1424 thtnmu-

157 1450 160 1457 '
214 1441 268 1497 tici.
307 1445 469 1499 Cotnmixtio
491 1460 577 1499 autern
591 1446 724 1498 literarum
745 1458 788 1512 qu

213 1530 269 1569 etc
290 1534 343 1569 non
363 1517 398 1570 est
418 1520 569 1587 infrequens
591 1533 616 1571 et
636 1518 788 1585 errantique
829 1538 831 1544 ·

213 1593 429 1659 pronuntiatione
445 1595 519 1645 facile
534 1594 699 1662 intelligitur.
736 1591 789 1661 29)

215 1682 246 1718 ex
268 1668 317 1729 iis,
342 1684 410 1736 qum
429 1666 535 1732 subjicit
553 1668 649 1729 noster,
668 1666 786 1733 adparet,

214 1738 283 1794 hunc
306 1741 355 1794 elle
370 1742 492 1811 quintum
509 1740 656 1804 Ciceronis,
681 1742 714 1793 de
734 1756 789 1808 quo

158 1826 161 1833 '
213 1815 281 1869 idem
298 1816 346 1870 stc:
375 1820 507 1886 Argum
528 1815 788 1871 dicitutinter·

217 1889 375 1954 emisse„
401 1891 443 1946 ob
474 1909 620 1962 cumque
653 1888 787 1944 causum

216 1965 652 2036 Aegyptumprofugisse,
684 1981 789 2032 utque

217 2041 414 2109 Aegyptiis
455 2042 558 2111 leges
591 2055 625 2095 et
656 2039 788 2092 literas
858 2102 863 2109 ι

217 2113 417 2169 tradidisse.
473 2119 574 2168 Hunc
611 2111 788 2184 Aegyptii

214 2189 307 2242 Thot
345 2188 545 2260 adpellant,
598 2188 789 2255 eodemque

218 2264 357 2316 nomine
383 2265 463 2318 anni
496 2265 632 2332 primus
660 2259 789 2316 mensis

216 2337 306 2405 opud
339 2355 398 2393 cos
430 2354 591 2392 vocetur.
640 2340 789 2393 Liternum
878 2401 881 2407 Ι

217 2411 396 2465 inventionem
417 2428 443 2466 et
463 2413 525 2464 huic
542 2414 673 2466 Mercurio
695 2412 789 2466 tribuit

215 2486 327 2540 Diodor.
341 2489 392 2540 Sic.
409 2510 432 2547 1,
453 2488 490 2545 16.
510 2500 536 2540 et
551 2489 624 2556 plura
642 2489 700 2548 ulio,
722 2505 790 2556 quae

213 2559 245 2614 tie
268 2563 398 2616 Mercurio
419 2567 522 2619 Graeco
544 2561 707 2632 frequentius
729 2580 788 2616 nar·

217 2649 316 2688 rentur.
355 2638 481 2707 Aegyptii
508 2638 587 2691 etiem
613 2630 661 2695 riv
686 2629 789 2707 armiger

215 2708 264 2764 ’νῦν
282 2702 368 2778 lli-suu
389 2710 563 2780 proedicess'e‚
589 2714 667 2766 docet
686 2714 789 2767 Aelien.

218 2782 434 2849 britannio,
455 2803 497 2859 29.
538 2787 592 2843 nlii
614 2790 721 2858 uliqune
735 2799 799 2836 tun·

211 2867 273 2925 ,run
292 2860 382 2921 literae
399 2879 462 2921 etun
483 2863 619 2922 invenille
641 2861 818 2986 eunceuznt·

778 2942 836 2982 Nm
