1934 3392
328 282 545 348 AMPELJUS.
706 294 768 369 τις

131 449 315 533 ¹²)quinque.
358 450 494 524 Primus,
516 448 638 513 exlove
653 448 768 514 etPro·
840 512 843 521 ,

132 533 244 617 ietpino.
309 533 368 598 Hic
390 533 532 615 agricola
561 543 593 595 et
620 535 768 619 inventor

132 620 197 682 tini:
242 619 331 700 cujus
349 618 437 681 soror
450 619 559 682 Ceres,
604 615 767 681 Secundus

132 701 208 764 Liber
226 723 265 765 ex
280 705 320 782 5³)
335 703 481 777 Melone,
504 712 536 766 et
550 702 572 763 F
574 701 654 778 lora,
678 704 768 784 cujus

132 789 246 851 nomine
263 785 379 852 fluvius
400 785 443 852 est
462 787 630 853 Granicus.
687 787 768 884 Ter·
823 832 834 852 .

190 1041 268 1099 ttbro
287 1040 435 1097 Minervam
464 1056 551 1097 natotn
578 1041 628 1098 eise
652 1041 767 1102 fibulati

189 1118 272 1172 solent
292 1132 394 1187 poetae.
433 1119 475 1184 52)
493 1118 604 1173 totidetn
626 1133 652 1173 et
670 1120 767 1175 Cicero

190 1209 213 1247 c.
235 1194 254 1247 1.
283 1209 340 1261 cop.
365 1207 404 1258 23.
449 1192 527 1246 Alios
547 1209 630 1247 ununt
653 1208 767 1261 tantum,
864 1232 869 1240 -

190 1267 256 1321 elios
273 1280 326 1321 ttes
348 1265 465 1335 proferte
482 1266 570 1323 scribit
582 1266 695 1323 Diodor.
711 1270 765 1323 Sic.

170 1356 212 1407 .3‚
231 1343 274 1396 62.
311 1344 367 1407 53)
388 1342 531 1397 Melone
551 1342 619 1414 legit
636 1345 765 1398 Muncke·

188 1432 235 1471 tus
247 1416 279 1468 td
289 1416 425 1486 Hyginum
440 1416 492 1471 fab.
503 1434 554 1482 155.
570 1418 765 1487 ettdFuigent.

185 1490 300 1559 Mythol.
316 1507 339 1556 2,
359 1506 393 1554 15.
413 1491 430 1543 i.
446 1508 467 1544 e.
488 1495 569 1555 Nilo,
591 1494 666 1560 cujus
679 1492 766 1546 filiunt

191 1582 252 1619 eum
269 1563 331 1618 facit
347 1566 441 1619 Cicero
456 1567 474 1619 lt
490 1585 512 1619 c.
536 1583 594 1634 cap.
608 1581 646 1631 23.
673 1568 767 1620 Dulte.

142 1680 147 1693 .
187 1656 243 1694 tus.
281 1641 353 1694 Melo
371 1639 446 1691 enim
468 1641 546 1694 etiam
567 1639 703 1697 dietusest
716 1641 765 1694 Ni-

189 1715 249 1773 los,
270 1731 299 1767 ut
314 1713 394 1768 tradit
410 1712 498 1768 Festus
518 1733 543 1783 p.
559 1727 612 1778 235.
633 1713 690 1783 (ed.
710 1718 766 1768 De·

190 1788 268 1858 teti)
289 1789 323 1842 cf.
338 1804 364 1841 et
380 1789 487 1844 Servius
506 1790 539 1843 ad
554 1780 649 1858 Virgil-
664 1792 765 1860 Georg.

190 1878 285 1932 4291.
325 1861 576 1920 AliisestMelts.
611 1865 766 1918 Secundum

189 1953 279 1993 tutent
294 1938 390 1991 ordine
401 1938 550 2011 Dionysum
565 1955 579 1992 e
593 1937 658 1993 Nilo
673 1954 765 1993 natum
806 1934 810 1951 “
837 1984 843 1992 .
860 1950 867 1971 ·

186 2011 237 2065 eise
252 2010 374 2066 ediittnnt
389 2015 493 2069 Cicero.
531 2014 625 2067 Osttitn
637 2030 698 2068 eunt
714 2013 766 2067 ess'e
884 2060 893 2069 .

188 2087 234 2141 eiii
255 2088 378 2148 tradunt,
406 2090 434 2140 in
454 2089 489 2142 iis
511 2087 686 2150 Herodoto,
707 2103 766 2155 144.
865 2108 867 2113 ·

185 2160 300 2216 Diodor.
320 2162 371 2217 Sic.
394 2181 418 2223 ι,
439 2177 480 2216 tt.
520 2162 598 2216 Poffit
619 2162 697 2216 etiam
712 2160 766 2217 levi

187 2235 372 2305 immutatione
405 2236 472 2291 sidio
511 2237 564 2308 legi
603 2239 764 2302 Motene,

184 2327 263 2379 quem
276 2311 376 2366 elotum
391 2312 530 2378 vinitorem
544 2311 654 2375 faciunt,
673 2328 699 2366 et
708 2313 765 2374 Ost·

168 2385 255 2451 „ridie
270 2384 287 2439 i.
300 2387 395 2438 Bacchi
411 2388 437 2439 in
451 2385 665 2456 expeditionibus
681 2387 764 2442 conti·
834 2446 839 2455 ,

187 2472 259 2522 tetn,
277 2458 337 2522 sed,
358 2462 421 2515 licet
436 2462 462 2513 in
475 2478 571 2532 genere
590 2462 648 2527 eius
667 2463 764 2517 disere·
841 2467 846 2473 ’

188 2548 262 2604 pent,
279 2535 409 2601 juniorem
424 2551 513 2589 tomen
524 2536 638 2598 Baccho,
655 2537 765 2606 quidam

174 2609 267 2661 ¹etittn
291 2610 346 2677 ejus
367 2609 468 2675 filium,
493 2612 548 2664 vid.
564 2610 710 2666 Eustathius
731 2610 765 2666 nd

159 2680 174 2693 “
188 2685 299 2737 Homer.
321 2685 409 2754 Odyff,
432 2701 464 2754 9,
487 2700 541 2754 ¹97·
560 2702 587 2740 et
607 2687 674 2741 adde
697 2702 765 2754 quot

187 2757 316 2827 producit
332 2758 474 2830 Weffeling
496 2761 529 2813 od
545 2761 658 2815 Diodot.
677 2760 733 2815 Sic.
745 2775 770 2821 t,

188 2842 229 2894 18.
267 2834 380 2890 Praetuh'
394 2834 478 2909 igitur
488 2836 580 2909 ptius,
590 2854 627 2893 ne
641 2850 718 2891 ettot
732 2828 788 2954 otg-

216 2913 218 2917 ’
697 2918 753 2960 tto
770 2917 806 2954 e·
