1934 3392
360 397 573 471 intutior.
742 352 794 485 33

132 566 135 575 “
157 540 224 651 fi‘l)
241 564 423 652 sanguinem
443 569 586 633 remittit.
627 569 714 633 quta
736 588 790 635 ou-

155 658 207 714 tem
227 674 331 725 mare,
348 655 412 736 ·qui
431 653 524 717 locus
546 649 600 737 ⁶⁴)
619 654 788 718 Rhoeteon

153 748 284 815 iocatur,
306 737 349 820 ὃς)
369 739 411 802 ibi
430 741 472 802 est
485 738 619 802 Achillis
636 748 668 801 er
680 738 786 801 Patro-

153 817 183 884 cli
194 816 234 907 66)
250 823 422 900 vultus,·et
435 823 556 974 flssmgn
574 820 619 908 ⁶⁷)
639 821 786 970 80αέἓὲ-

204 1023 249 1078 cti
283 1022 509 1096 sanguinem,
554 1026 571 1079 i.
595 1041 618 1078 e.
649 1023 707 1094 poll
729 1023 779 1083 loc.

203 1100 244 1153 vei
267 1115 316 1169 pro
336 1101 412 1156 lodie.
457 1102 505 1171 63)
526 1100 657 1170 ejusmodi
677 1098 780 1169 iopides

200 1172 355 1229 dicebontur
369 1178 476 1246 proprie
497 1174 667 1238 boemorum,
687 1175 778 1247 (Blut-

198 1250 302 1320 Steine)
322 1253 355 1305 de
372 1250 468 1321 quibus
485 1250 653 1305 Dioscorides
667 1266 698 1314 ς,
720 1265 774 1319 144.

200 1340 226 1379 et
250 1327 352 1382 Plinius
375 1329 425 1394 36,
453 1338 493 1394 38.
521 1324 615 1398 (20.)
653 1326 704 1379 Hic
725 1324 773 1378 uni

198 1401 336 1471 eidemque
345 1402 436 1473 lepidi,
456 1403 528 1473 quod
544 1402 571 1455 in
582 1400 711 1455 mirocuio
724 1413 773 1468 po-

197 1477 287 1542 nitur,
315 1476 415 1533 diversa
437 1476 601 1533 tribuuntur.
638 1476 688 1547 64)
708 1473 771 1529 dedi

195 1550 395 1616 Ithemon,
411 1554 496 1624 vulgo
515 1552 669 1615 Rhoete,
690 1565 772 1620 quom

192 1627 307 1682 Troadis
325 1626 419 1683 urbem
439 1628 505 1683 dicit
525 1628 595 1682 Melo
609 1639 638 1686 ι,
659 1635 702 1687 18,
723 1639 768 1695 49.

188 1701 261 1756 unde
287 1718 314 1758 et
340 1702 441 1758 ibidem
465 1702 622 1758 Rhoeteo
646 1700 767 1752 litore.

187 1775 287 1832 Probat
301 1778 369 1832 hono
383 1778 523 1833 lediionem
537 1787 639 1844 praeter
653 1772 768 1826 oliorum
797 1784 800 1791 ·

187 1851 369 1906 eudiotiratem
391 1852 485 1908 Codex
505 1850 559 1920 ipso
579 1847 711 1916 Ampelii,
732 1863 765 1900 ex

187 1943 243 1995 quo
262 1929 401 1982 Salmasius
422 1928 450 1982 in
471 1924 592 1983 solinum
605 1939 632 1994 p.
648 1939 684 1976 m.
700 1925 763 1981 610.

184 2000 285 2058 adferte
304 2003 517 2058 Rhoetueon.
554 2001 654 2056 Mimm
667 1999 761 2067 igitur,

180 2077 254 2146 quod
274 2077 332 2147 poli
351 2077 471 2147 vulgavit
486 2075 631 2131 Rhoete.
670 2074 760 2129 Alter-

178 2165 271 2207 utrum
287 2150 366 2207 redie
376 2150 471 2207 habere
485 2149 573 2206 debet.
612 2151 660 2217 65)
677 2147 760 2204 otiose

178 2224 260 2294 adest,
279 2242 310 2281 ut
323 2226 373 2282 hoc
386 2242 413 2282 et
427 2227 518 2280 similia
528 2228 556 2279 in
570 2223 667 2279 nolito.
706 2227 757 2295 66)

174 2301 317 2357 Solmuiius
332 2318 356 2356 c.
369 2303 388 2356 l.
403 2302 531 2371 explicat:
551 2299 696 2370 imaginem
710 2316 757 2354 ore

175 2389 281 2433 tontum
296 2379 339 2431 vel
351 2377 456 2448 pedore
477 2391 555 2431 tenus
569 2374 711 2445 expressam
726 2376 756 2430 in

172 2451 284 2521 clypeo,
305 2453 349 2506 cui
370 2451 453 2507 statuo
474 2453 577 2522 integre
597 2448 751 2521 obponitur.

172 2524 226 2583 Sed
242 2526 364 2583 Heiniius
380 2541 406 2581 et
419 2527 574 2583 Perizonius
594 2543 644 2596 pro
658 2527 751 2584 vuitus

172 2602 346 2668 coniecerunt
371 2603 548 2665 tumulus,
588 2618 667 2672 quem
689 2606 749 2673 qui-

170 2675 236 2729 dem
257 2674 295 2731 ibi
314 2676 389 2731 fuisse
405 2689 506 2751 negent
526 2676 575 2731 viri
595 2675 694 2731 eruditi
715 2698 748 2733 ex

168 2749 264 2822 priscis
277 2751 439 2822 sudoribus,
454 2753 553 2823 quippe
567 2753 611 2822 qui
626 2753 653 2806 in
666 2748 746 2823 Sigeo

166 2827 319 2882 conlocant.
375 2832 500 2883 Attamen
527 2842 617 2882 contro
638 2828 747 2880 tradunt

165 2902 342 2967 recentiores,
361 2903 388 2955 in
402 2902 498 2972 quibus
507 2904 616 2960 Solinus
624 2917 664 2970 43.
679 2902 754 2971 leod

160 2972 250 3030 Schol.
265 2978 368 3032 Luceni
384 2979 418 3034 ad
433 2995 462 3052 9,
483 2982 548 3053 963·
588 2977 646 3051 δῖ)
663 2977 704 3032 5¹⁹
716 2978 774 3104 ll}

769 3065 786 3103 u
