1934 3392
332 437 549 512 Amrrtrus.
705 460 740 523 13
747 458 763 523 5

106 598 169 681 qui
183 599 333 667 Messenio
353 604 455 681 bello,
478 627 543 692 quo
566 611 709 689 centeni,
733 610 764 673 id

106 683 171 759 est,
193 689 413 773 quinquageni,
437 703 710 767 concertaverunt,
734 708 765 757 et

106 760 147 849 Β)
161 778 324 851 tropaeum
350 774 403 839 suo
426 778 455 859 9)
470 776 619 860 sanguine
641 777 764 859 scripsit.

106 852 163 933 ιο)
177 854 348 939 Tyrtaeus,
372 863 425 945 qui
437 861 589 926 Messenio
606 863 702 938 bello,
726 884 765 927 ex

694 967 764 1011 ore·

189 1131 259 1200 quod
275 1131 383 1200 quidem
404 1130 498 1187 incidit
511 1132 538 1186 in
555 1128 656 1186 bellum
671 1128 762 1187 Merse-

189 1206 272 1259 nium.
312 1206 488 1274 Descripsetat
502 1207 674 1274 chrysermus
689 1209 715 1261 in
731 1210 762 1260 li·

188 1276 237 1334 bro
251 1299 263 1347 3
278 1298 364 1334 rerum
380 1283 672 1351 Peloponnesiacum,
692 1285 764 1336 unde

188 1353 314 1408 summam
346 1359 522 1417 narrationem
551 1357 703 1425 complexus
728 1360 763 1413 est

190 1431 345 1486 Plutarchus
367 1432 393 1485 in
415 1432 549 1486 Parellelis
571 1435 618 1486 Gr.
638 1449 664 1485 et
684 1438 762 1488 Rom.

189 1508 250 1561 Vol.
271 1523 294 1573 7.
321 1525 347 1576 p.
372 1523 427 1577 219.
451 1506 510 1578 (ed.
532 1506 620 1579 Lips.)
658 1513 762 1577 Nempe

188 1580 357 1636 decreverant
373 1581 579 1650 Amphislyones
601 1599 655 1634 rem
671 1600 762 1652 pugne

189 1658 321 1727 utrimque
336 1657 463 1711 lesiorum
472 1657 608 1710 hominum
618 1656 762 1710 decernen-

189 1731 257 1785 dam.
284 1735 382 1786 Herod.
399 1749 424 1792 r,
443 1741 482 1792 82.
521 1732 551 1798 8)
572 1731 670 1798 vulgo:
691 1747 763 1785 tro·

187 1807 342 1874 phneum,
360 1808 397 1859 uri
413 1806 495 1858 solent
511 1804 668 1858 recentiores
684 1805 763 1860 libre·

189 1881 220 1935 rii
240 1884 361 1935 maxime.
401 1885 484 1935 Dete
500 1880 585 1936 Vcler.
601 1884 669 1933 Max.
685 1896 715 1946 3.
737 1897 763 1950 2,

189 1973 239 2009 ext.
263 1958 358 2025 4.s1c:
383 1956 563 2026 Sanguine
591 1955 649 2009 suo
676 1957 763 2010 scri-

189 2032 262 2099 ptis
286 2032 421 2092 literis,
457 2032 633 2101 direptam
657 2032 763 2086 hosii·

188 2103 251 2160 bus
283 2106 487 2168 victoriam,
532 2121 664 2158 tentum
689 2108 763 2160 'non

187 2181 260 2248 post
282 2180 426 2235 satasue
447 2179 602 2231 infinum
623 2180 761 2248 patriae

109 2276 113 2281 ·
190 2272 339 2311 cruento
364 2255 505 2322 tropaei
532 2254 644 2308 titulo
665 2270 763 2307 retu.

188 2328 241 2383 llr.
281 2331 318 2401 9)
338 2332 406 2383 idem
421 2329 576 2382 Plutarchus
592 2344 613 2382 c.
629 2330 646 2382 l.
672 2329 763 2383 lnscrl·

186 2405 233 2474 pst
247 2419 333 2458 nutem
350 2408 413 2458 lovi.
452 2404 556 2459 Scilicet
567 2421 626 2457 curn
642 2406 695 2460 duo
711 2408 763 2460 Ar-

185 2480 239 2551 givi
256 2480 402 2549 superstites
419 2480 542 2532 nuntium
557 2481 590 2531 dc
604 2480 711 2535 vislorle
725 2481 763 2535 ci·

187 2554 266 2619 vibus
282 2554 395 2617 ferrent,
417 2555 460 2607 ille
477 2556 628 2608 vulnenrus
643 2556 666 2609 se
680 2559 764 2611 erexit

174 2644 296 2698 ‘remque
318 2629 435 2700 perfecit,
482 2636 539 2700 ιο)
564 2632 662 2699 vulgo:
690 2649 763 2686 rer·

127 2706 133 2719 “
186 2706 333 2774 eiusque
355 2706 405 2760 sine
428 2704 508 2759 sensu.
548 2705 617 2759 lllud
639 2726 701 2761 vero
722 2725 763 2759 re-

187 2778 353 2835 scribendum
393 2795 521 2849 putrount
560 2797 661 2848 praeter
696 2783 763 2834 elios

187 2856 316 2910 Meursrus
332 2858 357 2909 in
373 2857 517 2909 Miscellcn.
533 2860 629 2909 Lacon.
645 2872 676 2922 2,
695 2872 717 2908 2.
738 2868 765 2907 et

187 2929 323 2985 Fabricius
343 2932 370 2984 irr
393 2930 457 2986 bibl.
473 2933 524 2993 Gn,
545 2946 578 2994 2,
599 2949 638 2987 rr.
665 2948 696 2999 p·
713 2942 781 2994 uuil-

177 3003 213 3075 (f
224 3022 286 3076 1³⁹3·
298 3023 356 3075 742.
380 3009 423 3064 ed.
441 3009 550 3079 novae)
571 3006 670 3065 Wnlle
686 3003 806 3127 nub&
