1934 3392
317 270 531 339 AMPELIUS.
709 289 753 358 99

126 436 192 507 (XX
200 488 210 519 ,
233 439 313 506 altus
328 443 440 506 cubitis
457 439 592 514 CXXX,
614 442 752 525 cingitur

126 528 197 590 tillia
220 524 361 608 passuum
381 526 483 591 XXX.
527 525 621 592 Hune
643 529 751 610 eoepit

125 610 382 693 PiiSemiramiS,
410 612 495 676 filius
519 611 586 695 ejus
607 610 751 695 perfecit.

230 714 262 755 ¹-.
335 694 338 699 ’
410 696 482 765 Et
657 694 751 778 Pyra.

168 884 264 957 digitis
284 883 402 938 mensure
423 882 566 953 ampliore,
599 901 679 954 quom
701 903 751 942 no·

173 959 231 1016 sita.
277 960 391 1014 Plinium
418 959 537 1013 referunt
563 961 671 1016 Solinus
700 964 749 1019 60.

129 1090 133 1099 ,
172 1035 250 1106 (ςό.)
277 1035 423 1089 Martianus
431 1034 539 1101 capello
553 1032 599 1088 lib.
613 1039 639 1091 6.
654 1053 748 1106 p.225.

171 1108 283 1181 (Grot.)
308 1108 346 1162 ite
365 1123 429 1161 vero
449 1124 542 1177 porum
562 1108 711 1181 discrepent
732 1129 749 1168 ι

168 1183 264 1239 nostro.
308 1181 427 1237 Cubitus
447 1184 518 1236 enim
538 1184 605 1252 pede
627 1201 653 1240 et
671 1186 748 1241 semi-

173 1255 392 1330 pedeconstobot.
430 1261 479 1313 Pes
492 1259 575 1329 vulgo
588 1261 682 1316 inAsm
696 1263 747 1316 ust-

128 1340 131 1345 '
173 1331 383 1390 mmo-habebas
399 1335 428 1388 16
449 1333 564 1404 digitos,
583 1333 747 1402 Babylonius

172 1409 224 1463 sive
242 1409 332 1478 regius
347 1405 432 1461 tribus
443 1408 539 1479 digitis
558 1412 685 1479 amplior,
707 1426 747 1481 19

167 1484 281 1554 digitos.
316 1483 345 1536 Si
359 1480 434 1537 iubet
449 1497 476 1537 et
489 1482 566 1552 copie
579 1484 666 1551 datur,
682 1502 747 1539 con-

169 1558 223 1613 sule
238 1557 390 1612 salmasium
407 1558 433 1611 in
447 1559 569 1612 solinum
587 1576 610 1612 e.
624 1561 643 1613 l.
662 1578 688 1628 p.
710 1578 746 1613 m.

168 1644 225 1700 θη.
266 1633 331 1701 ιος)
352 1632 396 1698 qui
410 1632 492 1699 igitur
504 1636 633 1687 Memnon
654 1634 748 1687 aedi.

167 1707 325 1763 sicevit?
352 1706 380 1758 Si
401 1704 550 1758 aedificavit
570 1706 607 1761 est
624 1706 747 1775 perse-

139 1776 144 1787 “
168 1782 239 1845 eit,
264 1782 308 1835 etst
322 1780 412 1848 plures
426 1778 543 1834 habuisse
556 1780 653 1836 dicitur
666 1781 746 1849 filios,

167 1871 250 1911 nemo
270 1870 357 1908 tomen
375 1859 544 1919 Memnonem
559 1856 586 1910 in
600 1855 632 1912 iis
646 1874 749 1913 memo.
851 1916 863 1931 ,

170 1946 220 1986 tot.
259 1930 287 1983 Si
301 1930 415 1984 nominis
434 1930 633 1985 similitudinem
654 1933 747 2002 seque·

169 2008 222 2070 rie,
242 2004 276 2057 ed
290 2005 404 2073 Ninyom
421 2004 518 2058 referre
530 2006 626 2074 poffis.
646 2009 691 2075 qui
706 2008 747 2061 iili

173 2082 200 2136 in
209 2096 291 2148 tegno
301 2079 378 2132 etiam
393 2079 516 2133 suecessit.
554 2082 592 2133 At
604 2079 690 2147 segnis
702 2082 746 2135 hic

169 2170 195 2209 et
209 2152 365 2207 libidinosus
378 2154 457 2208 homo
471 2153 504 2206 de
519 2154 602 2208 mutis
615 2154 660 2209 vix
673 2157 749 2226 cogi·

170 2229 255 2292 eavit,
282 2245 331 2281 nec
350 2245 458 2282 manum
477 2227 619 2285 edmoviss'e
639 2230 747 2303 legitur.

169 2303 261 2361 Miscet
280 2303 379 2372 igitur,
400 2319 446 2359 aut
458 2303 595 2360 recondite
608 2322 641 2359 ex
655 2308 746 2376 aliquo

171 2393 199 2433 et
218 2376 329 2431 obscure
343 2377 479 2446 decerpsit.
519 2383 644 2433 Ceterum
659 2386 746 2437 Hero·

170 2454 252 2508 dotus
268 2468 292 2515 ι,
312 2461 364 2519 184.
385 2454 484 2507 multos
497 2451 657 2523 Babyloniae
669 2473 746 2528 teges

147 2550 150 2555 ·
172 2526 248 2582 fuisse
260 2526 354 2588 refert,
376 2527 420 2596 qui
442 2544 531 2582 muros
546 2545 573 2582 et
586 2531 685 2600 temple
701 2549 746 2585 ot·

168 2603 270 2665 norint,
279 2616 311 2656 'et
324 2603 352 2656 in
363 2601 396 2656 iis
412 2601 479 2656 duos
493 2602 613 2672 semines,
631 2607 747 2660 Semira-

171 2677 270 2731 midem
292 2691 318 2730 et
337 2677 461 2731 Nitoctin
481 2677 541 2748 (u).
585 2678 642 2746 ipse
657 2696 746 2733 eutem

171 2749 252 2813 urbs,
272 2753 349 2819 cujus
363 2750 492 2820 originem
506 2752 583 2805 multi
596 2753 748 2807 Semirami-

168 2825 198 2881 di
211 2823 368 2890 adscribunt,
388 2823 766 2956 Boumauaotenmomge

529 2920 549 2949 ὓ
692 2917 731 2959 Ἦ
747 2915 784 2955 2·
