1934 3392
235 308 239 315 .
322 278 371 325 ua
400 250 601 328 ananum:
688 281 778 329 xxxa

135 463 203 510 rum
228 437 419 538 ampliorem
443 460 474 513 et
496 439 707 514 excultiotem
722 439 779 516 de?

135 535 332 639 scriptionem
349 539 414 640 ipsa
437 548 645 642 antiquorum
667 547 776 616 aurio-

85 598 93 703 i
136 670 202 714 tum
216 642 314 714 lediio
330 645 475 729 exhibet,
502 643 554 717 vei
576 643 719 717 recolere
745 666 777 719 et

136 771 197 816 uno
218 742 305 844 quafi
325 746 435 818 obtutu
452 743 778 846 prospet‘tare‚,quae
848 820 850 825 ,

135 843 259 942 longi-ns
275 845 435 946 latiusque
448 844 580 947 dispersa
594 877 650 948 per
666 851 776 920 audio.

125 973 177 1018 ·tes
190 947 404 1033 lustraverant,
416 977 546 1034 vanam,
561 957 629 1023 imo
638 949 776 1034 nuttam,
874 998 881 1009 ·

138 1074 263 1146 operam
274 1048 364 1134 duxi,
383 1049 408 1120 fi
424 1053 560 1123 auctoris
575 1053 679 1138 verba,
699 1079 776 1151 qna

138 1147 288 1224 iiaadhuc
303 1147 501 1240 serebantur,
527 1151 709 1239 redderem,
729 1158 775 1224 vi·

138 1277 305 1353 torumque
353 1251 527 1327 dorstatum
576 1257 776 1350 conjedturas

140 1360 211 1426 meis
227 1355 505 1457 qualibuscunque
523 1385 698 1457 augerem,
721 1383 776 1454 pa-

140 1482 202 1529 rum
219 1453 379 1542 curiosus,
406 1487 447 1531 an
463 1466 564 1532 oratio
577 1455 653 1532 effet
666 1455 777 1534 usitata

139 1579 163 1630 tt
181 1559 369 1656 probabilis,
394 1589 436 1632 an
456 1587 506 1632 res
531 1556 616 1658 ipsae
639 1561 724 1630 recte
744 1578 776 1630 et

138 1660 238 1733 ordine
252 1659 431 1760 expofitae3
457 1683 564 1732 utrum
580 1665 614 1730 in
625 1659 780 1730 umbraret
806 1674 808 1679 '

95 1782 98 1787 '
138 1764 264 1834 tenebris
282 1768 391 1835 incerti
408 1782 545 1835 errarent
565 1768 715 1854 juvenes,
734 1786 782 1839 an·
872 1800 875 1805 ·

137 1858 776 1963 itrceconlusstatiexhacquafiangustio·

136 1969 155 2034 ri
169 1962 295 2065 specula
307 1965 442 2064 dongius
457 1962 704 2062 circumspicere
719 1992 775 2063 pa-

136 2086 228 2149 tentes
248 2073 441 2165 antiquitatis
460 2092 594 2165 campos
607 2061 732 2166 poffent
744 2084 776 2146 et

134 2174 265 2243 remetiri
280 2167 395 2254 oculis,
420 2195 504 2268 quae
521 2189 612 2240 antea
622 2163 683 2267 tpfi
699 2193 775 2266 pru-

133 2275 196 2369 pius
214 2269 356 2344 adierant
366 2293 396 2345 et
410 2276 584 2344 accuratius
596 2291 683 2342 erant
697 2297 774 2342 con-

133 2371 279 2473 templati.
330 2379 378 2446 Ita
388 2399 465 2455 vero
482 2392 513 2445 et
526 2378 558 2444 in
573 2393 657 2445 tanta
667 2397 774 2447 retum

85 2426 92 2583 i
133 2471 339 2575 diversarum,
367 2468 579 2574 finguiariun'r
599 2472 713 2557 etiam,
743 2493 775 2548 et

130 2575 271 2676 undique
285 2575 504 2650 conledtarum
525 2573 682 2676 farragine
691 2601 774 2650 ¹con·

131 2678 306 2777 strudaque
331 2681 511 2778 congerie‚'
529 2677 553 2748 fi
568 2676 692 2775 fingula
708 2674 774 2750 vel-

129 2775 376 2889 lem'persequi,
407 2780 705 2884 longiorinstabat
719 2782 804 2954 tuq„

689 2900 816 2965 muta
