1934 3392
114 145 120 309 Ι
580 308 584 318 e

654 366 657 374 Α
702 363 704 367 .

172 384 178 397 5
198 384 206 391 ι

299 456 518 553 Amemus
681 474 740 547 235

113 657 117 690 t
131 627 315 735 Oxydraeao
337 627 474 716 objesio
488 627 603 713 clypeo
624 630 655 710 ⁷)
670 649 743 710 pto·

652 717 741 780 texit.

161 868 267 907 meeum
287 844 355 922 legs
373 844 539 922 pertineant,
565 850 612 920 qui
639 850 741 906 Sotet'

159 927 366 997 cognominatus
383 929 427 991 est,
446 935 592 999 Euergetes
608 943 622 979 a
636 925 759 982 nemine'.

157 1018 311 1073 praeterea,
339 1003 411 1070 quod
433 1003 520 1058 sciam.
546 1001 607 1071 -6)
629 1002 743 1055 Curtius

159 1093 188 1149 9,
208 1094 233 1143 4,
251 1079 294 1132 26.
314 1094 380 1130 cum·
392 1094 446 1145 quo
464 1077 592 1134 consentit
607 1077 746 1131 Luoitnue

160 1154 191 1206 in
214 1152 324 1221 dialogo
341 1166 508 1206 mortuorum
529 1170 579 1220 14,
600 1166 625 1217 ς.
663 1151 742 1204 Unde

157 1227 234 1281 simul
259 1227 368 1295 adparet
390 1228 597 1297 Oxydteces
626 1223 742 1281 scriben-

161 1301 227 1355 dum
255 1301 306 1355 esse
334 1318 383 1370 pto
409 1301 503 1356 vitiato
524 1301 744 1370 ozydaeras.

161 1377 255 1444 Scripfi
269 1376 360 1445 igitur.
399 1378 519 1446 Populue
533 1390 621 1430 nutem
633 1375 683 1430 suit
700 1381 743 1430 ln·

160 1451 236 1511 diae,
256 1454 332 1520 cujus
348 1452 475 1522 oppidum
491 1469 551 1507 cum
566 1448 744 1522 obpugnabat

159 1527 312 1582 Alexander
320 1529 358 1581 M.
373 1545 463 1583 mutos
473 1528 543 1581 solus
558 1527 741 1580 evaseratnon
815 1522 820 1544 '

161 1602 215 1655 stne
236 1601 336 1655 summo
358 1604 427 1656 vitae
451 1601 613 1657 discrimine.
653 1603 742 1672 Qum

163 1675 269 1744 quidem
285 1677 422 1744 vulgarem
444 1677 598 1746 opinionem
621 1674 741 1728 deloco

157 1750 256 1804 refutat
268 1751 398 1806 Attianus
413 1751 448 1805 de
464 1751 556 1819 expeti.
572 1751 650 1803 Alex.
666 1751 741 1809 6,11.

162 1838 190 1878 et
206 1825 277 1894 apud
292 1827 388 1879 Mallos
401 1824 524 1880 accidisse
539 1823 683 1879 contendit.
709 1825 744 1876 Et

163 1900 197 1952 stc
219 1899 350 1953 Plutarch.
373 1901 400 1954 in
422 1902 500 1955 Alex.
522 1915 545 1952 c.
568 1899 616 1961 63.
643 1908 741 1950 mittat.

163 1973 218 2028 Alii
240 1989 381 2043 utrumque
411 1975 541 2045 populum
565 1973 741 2042 eoniungunt.

166 2048 218 2102 Alii
234 2067 364 2117 praeterea
383 2052 464 2104 alium
479 2050 634 2110 nominent,
654 2061 684 2100 ut
697 2049 742 2099 su·

160 2123 217 2177 stin.
236 2139 286 2186 ιε,
307 2140 332 2194 9.
351 2125 386 2177 in.
431 2125 462 2190 7)
484 2121 604 2177 dubitate
625 2122 687 2174 licet
709 2136 742 2172 ex

163 2198 275 2251 eliorum
291 2196 494 2262 narrationibus.
514 2197 613 2266 quippe
627 2195 672 2262 qui
688 2194 742 2263 pti·

143 2289 238 2326 mum
261 2273 410 2327 Peucestam
438 2270 580 2326 edcuttisse
606 2269 742 2332 testentur,

158 2346 250 2416 postea
270 2347 336 2401 alios
360 2345 505 2401 successisse.
550 2346 692 2401 Peucestte
713 2344 742 2397 in

160 2420 254 2490 primis
263 2420 313 2476 hoe
329 2421 425 2477 fastum
441 2421 536 2476 tribuit
556 2420 661 2475 Atriam
679 2436 702 2472 c.
722 2420 741 2473 1.

118 2535 123 2557 ,
164 2498 199 2559 6,
221 2512 261 2552 ιο.
301 2501 395 2550 Monet
418 2511 505 2550 tamen
522 2493 579 2566 post
599 2493 740 2562 capatus·

161 2572 292 2638 quosdam
314 2571 342 2624 id
362 2569 395 2624 de
411 2572 562 2625 Ptolemaeo
583 2569 646 2638 Lagi
669 2585 743 2622 tetu-

163 2644 229 2708 lisse,
248 2646 294 2712 qui
311 2647 371 2701 inde
386 2662 534 2716 cognomen
543 2641 634 2714 Σωτήρ
650 2642 741 2697 nasius

164 2718 204 2772 stt.
230 2721 304 2773 Idem
317 2721 427 2776 Curtius
442 2737 468 2791 9,
489 2735 512 2781 ς,
534 2737 570 2773 21.
591 2720 636 2787 qui
649 2717 742 2771 eudio-
785 2765 788 2770 .

163 2810 206 2846 tes
223 2796 327 2865 adlegat
341 2795 506 2850 Clitarchum
524 2795 740 2864 etTimngenem.

156 2865 212 2922 Sed
226 2884 336 2938 uterque
352 2868 436 2937 ipsum
446 2870 624 2923 Ptolemaeum
638 2865 742 2934 negasse

165 2958 293 3004 monent,
325 2944 348 2996 se
370 2943 472 2996 missum
492 2945 520 2997 in
544 2940 748 3011 exueditionem

160 3016 201 3069 issi
217 3018 320 3086 preciso
339 3018 502 3078 interfuisse.
542 3023 586 3077 At
603 3018 625 3093 st
641 3014 692 3069 Ἣ)
704 3024 767 3094 ¹¹5⁸·

704 3092 793 3140 xm*-
