1934 3392
323 393 557 464 κΑΜιἚωυε.
697 417 777 485 ,109

148 558 241 625 Medea
263 570 295 627 et
315 562 479 629 Phaethon
501 566 566 627 nati
585 562 662 631 suni.
690 565 781 632 vul·
819 520 823 531 =

149 649 206 710 cadi
217 649 305 712 fuere
320 659 463 732 quatuor.
508 649 630 713 Primus
645 652 690 728 ²⁰)
705 651 780 714 Crto

149 737 174 790 et
189 731 282 816 ioppe
301 745 403 798 natus,
447 786 450 791 .
467 731 632 799 Secundus
652 736 699 817 ²¹)
717 735 782 798 Nili

147 809 223 882 filius.
266 819 395 882 Tertius
415 821 464 902 ²²)
486 815 611 882 Saturni
634 829 667 881 et
685 819 781 889 luno-

148 898 196 964 nis.
247 902 387 979 Quartus
409 904 441 966 in
462 900 569 967 Sicilia
590 907 635 986 ²³)
656 902 781 966 Meletis

137 1016 145 1025 ··
439 985 508 1070 Ε]
686 986 782 1051 filius.

206 1153 272 1217 lum,
291 1152 335 1207 sed
352 1167 379 1207 et
392 1155 480 1224 plures
494 1153 592 1209 liberos
601 1155 655 1209 Soli
669 1155 780 1225 detHy-

206 1232 285 1297 ginus
308 1230 366 1282 init.
395 1230 498 1283 >Alium
527 1246 657 1298 praeterea
681 1229 778 1299 Solem,

205 1304 302 1367 Oceani
318 1302 413 1365 filium,
435 1319 622 1357 commemoret
638 1305 737 1358 Plinius
752 1321 780 1370 7,

205 1393 243 1445 57.
266 1376 342 1448 Μ.)
361 1378 404 1429 cui
414 1380 517 1431 Gellius
530 1378 674 1432 medicinae
688 1380 780 1432 inven-

208 1454 305 1506 tionem
314 1469 345 1505 ex
356 1453 430 1505 melle
440 1454 627 1523 adsignaverit.
666 1454 718 1524 20)
733 1452 781 1506 ci-

207 1542 265 1580 cero
286 1526 312 1580 d.
333 1527 350 1578 1.
373 1543 428 1596 eep.
451 1544 490 1582 ει.
518 1529 634 1582 Caelo.
675 1528 724 1581 Sed
745 1527 780 1580 de

137 1666 140 1675 .
207 1603 285 1671 ioppe
301 1601 374 1654 nihil
413 1605 547 1656 Praeterea
565 1600 679 1655 recenset
700 1600 780 1654 etiam

207 1677 386 1742 4Vulcanos.
409 1707 412 1713 ·
434 1678 489 1743 21)
512 1674 664 1729 Cicsibid»
692 1677 780 1728 Nilo

208 1765 318 1804 natus.
359 1755 396 1802 lta
416 1765 441 1802 et
462 1749 598 1804 Arnobiue
621 1765 643 1798 c.
666 1749 684 1799 l.
721 1753 781 1801 Hoc

207 1841 270 1877 veto
283 1825 430 1893 Aegyptios
444 1823 545 1891 jeditlse
562 1821 649 1876 scribit
666 1822 780 1892 Diogen.
861 1841 865 1846 ·

208 1898 325 1957 Laertius
349 1906 466 1967 ptooe'm.
491 1907 511 1959 l.
532 1915 550 1952 ι.
586 1898 671 1952 Addit
685 1897 781 1952 Cicero

207 1973 324 2038 Pthas,
343 1975 399 2044 (de
418 1993 469 2044 que
490 1974 599 2029 lediione
620 1973 674 2026 vid.
697 1973 781 2028 Davi·
871 2024 874 2033 ,

206 2047 278 2120 ius)
312 2063 348 2102 ut
374 2050 547 2119 Aegyptii
575 2047 781 2114 adpellant,

209 2138 305 2190 quem
333 2121 509 2214 cqstodem
534 2121 603 2175 esse
622 2121 781 2190 Aegypti

209 2198 343 2251 volunt.
380 2199 425 2266 22)
444 2199 502 2253 Cic.
518 2213 540 2249 c.
556 2197 575 2248 l.
591 2196 720 2250 tertius
741 2212 781 2247 ex

208 2272 318 2325 tertio
349 2275 430 2325 Iove
470 2287 502 2325 et
532 2274 683 2332 lunone,
722 2269 781 2338 qui

140 2370 143 2375 ·
207 2344 781 2414 Lemnifabricaetraditurpre-

209 2418 321 2474 fuisse.
360 2419 391 2477 ln
412 2420 461 2475 hoc
482 2438 556 2489 petre
577 2420 694 2488 plerique
717 2436 781 2473 con-

207 2491 328 2548 sentiunt.
343 2491 353 2549 '.
381 2496 498 2566 Qtidtm
517 2511 604 2548 tamen
628 2494 679 2548 stne
705 2510 804 2564 patre*

208 2570 326 2636 genitum
347 2570 442 2623 volunt
462 2589 494 2623 ex
516 2571 633 2636 lunone,
664 2573 781 2626 undeet

182 2672 185 2678 e
209 2638 320 2712 deden,
335 2644 439 2698 dicitur.
478 2645 521 2711 23)
541 2645 661 2698 revocavi
676 2663 707 2699 ex
723 2647 779 2699 edi·

205 2717 277 2779 ¹tione
298 2719 396 2785 ptime,
430 2737 509 2788 quam
537 2720 680 2788 sequuntur
701 2722 779 2775 etiam

208 2792 282 2848 eliae.
297 2795 408 2861 ut1657.
421 2809 496 2861 1702.
536 2793 661 2848 Dukerus
677 2812 708 2847 ex
723 2796 779 2848 edi·

207 2865 362 2930 tiene1655.
384 2870 454 2922 unde
476 2870 545 2923 suam
560 2870 700 2939 expreffit„
718 2886 786 2920 exem

205 2939 392 3010 posterioribus
407 2944 570 3016 Miletis,
590 2947 806 3007 etimtmmdxxe
829 2991 831 2995 .

754 3027 826 3083 pex-
