1934 3392
359 292 572 381 mernor.
748 335 790 399 39

147 501 209 547 nes,
236 482 375 561 Quarum
392 485 563 550 inferiores
579 484 658 546 duae
667 504 706 547 ex
714 503 787 549 con·

144 569 235 633 trario
249 570 360 634 harum
374 570 469 647 fitae,·
478 590 555 655 quas
571 570 623 652 qui
634 569 787 643 incolunt,

142 664 292 718 vocantur
316 656 505 739 Antipodes.
570 654 665 720 Orbis
693 664 787 716 terra-

140 757 225 814 rum,
247 758 342 822 quem
359 760 420 803 nos
439 744 471 821 ⁴)
489 741 643 813 colimus,
666 740 700 801 in
721 747 788 800 tres

139 832 240 905 partes
266 823 428 900 dividitur,
464 827 661 908 totidemque
683 822 787 885 nomi·

85 962 87 983 ,
138 925 185 970 na.
228 906 310 984 Ana,
332 929 411 992 quae
425 908 467 972 est
480 911 562 973 inter
576 913 603 992 5)
617 909 740 973 Tanain
754 913 788 967 et

85 990 87 1059 ἶ
138 987 165 1075 ⁶)
178 992 296 1056 Nilum.
340 993 455 1077 Libya,
485 1014 562 1076 quae
577 993 620 1057 est
634 994 717 1056 inter
730 991 785 1055 Ni·

85 1066 87 1087 '
136 1074 201 1141 lum
221 1087 255 1139 et
276 1075 466 1141 Gaditanum
485 1077 594 1141 finum.
625 1078 784 1158 ¹Europa,

85 1164 88 1233 ξ
137 1178 212 1244 quae
228 1160 273 1224 est
285 1162 368 1224 inter
379 1167 409 1243 ⁷)
422 1162 540 1247 fretum
548 1163 717 1226 etTanain.
746 1161 783 1225 In

85 1244 89 1295 ι’
137 1244 203 1308 Afia
218 1244 399 1309 clariffimae
412 1257 545 1329 gentes:
567 1245 652 1322 Indi,
676 1244 781 1319 Seres,

137 1326 250 1404 Persae,
272 1330 368 1409 Medi,
390 1332 505 1407 Parthi,
521 1332 651 1407 Arabes,
674 1329 781 1412 Bithy·

137 1414 181 1487 ni,
207 1414 350 1497 Phryges
358 1440 370 1490 ,·
402 1417 627 1499 Cappadoces,
654 1415 781 1487 Cilices,
888 1428 893 1434 ·

139 1493 232 1580 Syri,
249 1495 280 1582 8)
299 1500 401 1584 Libyi.
454 1503 491 1565 In
510 1501 639 1584 Europa
658 1496 780 1562 clarissi-

139 1599 202 1645 mae
217 1593 351 1666 gentes:
387 1586 417 1666 ⁹)
430 1582 585 1668 Scythae,
608 1584 779 1728 Sarmatae,

734 1684 783 1726 er-

201 1817 288 1871 eolere
313 1814 448 1870 feruntur.
504 1814 654 1886 Antipodes
688 1827 779 1868 sutem

121 1916 124 1921 ·
203 1892 314 1945 omnino
336 1891 379 1944 alii
401 1886 568 1958 describunt,
586 1893 631 1960 qui
653 1887 778 1961 contrarii

204 1964 264 2020 sunt
286 1964 418 2034 vestigiis,
436 1965 480 2019 vel
502 1965 548 2032 qni
568 1965 680 2019 advenis
700 1963 800 2018 vesti.

223 2040 256 2093 iis
279 2038 376 2094 nostris
405 2054 497 2092 contre
525 2039 609 2092 nostra
636 2037 702 2093 stant
729 2056 778 2091 ver·

204 2056 287 2185 aigin.
332 2118 363 2184 4)
388 2113 407 2166 i.
426 2130 448 2166 e.
468 2113 625 2174 incolimus,
653 2127 683 2165 ut
703 2109 775 2165 tlibi.

130 2228 139 2247 t
203 2189 235 2261 5)
255 2190 281 2243 h.
302 2192 387 2244 Don.
426 2188 460 2256 6)
480 2191 633 2261 Aegyptum
648 2187 776 2241 enimad·

202 2262 289 2317 scribit
302 2261 401 2331 Libyae
421 2261 494 2317 sensu
508 2264 612 2327 latiori,
632 2264 650 2317 i.
666 2280 687 2316 e.
702 2260 775 2316 Afri·

203 2352 263 2401 cte,
286 2338 359 2406 quod
374 2352 400 2391 et
420 2337 521 2391 ficiunt
540 2338 594 2392 eiii.
633 2339 667 2405 7)
687 2353 775 2406 repere

200 2413 379 2472 (indiarum,
395 2412 469 2479 quod
482 2429 509 2464 et
523 2413 556 2466 src
571 2412 719 2481 simpliciter
734 2412 776 2466 di·

201 2486 279 2541 citur.
317 2488 350 2559 8)
369 2487 457 2540 locum
473 2485 515 2539 hic
529 2486 625 2541 hebere
645 2502 697 2540 non
713 2504 775 2555 pos·

105 2560 108 2565 '
200 2559 275 2630 sunt,
309 2562 354 2617 etsr
376 2562 436 2630 quis
457 2563 668 2616 terminationem
688 2561 774 2615 fereu-

200 2635 259 2690 detn
276 2650 352 2707 putet
367 2636 418 2690 hoc
432 2636 522 2700 sensu,
543 2654 569 2691 et
585 2638 627 2690 vel
641 2637 715 2708 Lydii
730 2637 774 2690 vel

199 2710 272 2779 Lycii
286 2710 432 2781 reponendi
448 2710 521 2777 sunt,
541 2728 571 2767 ut
588 2714 641 2780 jane
657 2713 776 2780 conjece-

202 2800 242 2839 ret
262 2783 399 2841 Dukerus
436 2785 611 2862 Ambigentes
634 2804 730 2843 tamen
744 2785 788 2837 ie·

195 2858 245 2923 cr'r,
264 2875 297 2917 at
307 2862 503 2939 relinquerem.
545 2866 582 2942 9)
603 2883 679 2938 ques
696 2879 727 2918 et
741 2858 808 2948 nim

723 2948 827 2994 neam.
