1934 3392
359 287 576 405 Amullius
758 299 795 348 11

144 454 209 520 Alii
239 452 399 531 Castorem
429 463 461 520 el
486 456 650 520 Pollucem
675 455 794 530 dicunt,

142 540 230 624 quod
248 541 281 603 hi
303 544 348 620 ¹⁴)
370 542 531 624 principes
554 559 641 602 mare
655 549 793 604 tutuma

138 623 354 707 praedonibus
369 623 592 708 praestitissent.
636 622 726 698 Sunt,
741 625 795 708 qui

85 738 90 746 ·
139 706 695 789 disant¹5)HerculemetTheseum‚
709 708 793 790 quod

136 791 249 863 finilia
269 792 312 879 16>
327 796 410 860 athla
428 795 487 859 fint
503 788 618 878 ad‘epti.
660 793 792 867 Cancer,

446 878 519 946 An
563 889 565 893 '
660 881 702 958 ι7)
718 876 791 942 Car·

211 1052 302 1122 passim
321 1050 393 1122 apud
408 1049 528 1106 auliores
542 1063 711 1106 memoratus.
748 1044 790 1115 14)

211 1127 245 1181 fic
259 1125 355 1182 Strabo
376 1143 395 1180 r.
417 1142 443 1195 p.
465 1144 500 1180 m.
525 1143 560 1194 ³3·
583 1127 657 1195 (48.)
679 1137 789 1194 propter

210 1203 392 1272 expeditiones
408 1202 550 1255 maritimas
565 1202 689 1270 susceptas
704 1198 787 1254 Dios·
827 1199 834 1210 '

210 1279 293 1331 curos
313 1286 422 1331 vocatus
443 1275 496 1342 pise
517 1275 605 1332 stribit
626 1263 786 1345 ὄπιμιλητᾶς

209 1351 259 1416 τῆς
273 1349 407 1415 θαλάσσης
426 1361 467 1408 eal
488 1355 605 1424 rur-iret
624 1351 675 1408 τᾶν
694 1343 786 1427 πλεο)-

204 1447 267 1482 trer.
306 1429 394 1481 Plures
416 1444 478 1480 vero
499 1425 687 1498 navigantibus
710 1421 785 1478 suxi·

204 1501 272 1554 lium
297 1518 323 1556 et
344 1503 451 1555 salutent
466 1501 551 1556 tulisse
566 1501 734 1573 praedicam,
758 1509 785 1550 et

142 1592 146 1597 ·
207 1576 366 1630 eonomine
389 1577 489 1645 saepius
511 1594 602 1632 eorum
623 1577 703 1630 sideru
725 1573 783 1626 lau·

205 1649 312 1704 dantur.
349 1648 507 1705 scholiastes
522 1651 569 1704 sic:
597 1650 668 1718 quod
685 1645 783 1716 princi·

205 1740 253 1794 pes
266 1725 411 1794 pacationis
427 1725 563 1788 dicantur,
580 1738 605 1778 et
624 1723 696 1793 quod
710 1735 782 1773 ruere
846 1772 849 1779 ,

204 1813 291 1854 toturn
312 1796 490 1869 praedonibus
515 1828 555 1842 -
580 1812 702 1870 pecatum
720 1794 783 1850 red·

203 1874 334 1929 didillent.
373 1875 469 1939 „Hinc
491 1877 602 1931 Graecis
621 1875 674 1934 ital
694 1868 780 1936 euri-

200 1970 252 2019 pus,
273 1950 456 2020 &populeium
480 1954 601 2018 δαίμονες.
641 1953 680 2017 ις)
694 1947 779 2002 dehis

202 2025 268 2077 nihil
288 2026 449 2079 Scholialles.
501 2029 538 2079 At
557 2025 682 2095 Hyginus
704 2037 778 2092 poet.

202 2096 297 2153 astron.
319 2116 349 2169 a,
371 2117 409 2154 22.
439 2097 518 2154 habet
535 2086 730 2154 llerculem
750 2111 777 2151 ee

199 2175 412 2242 Apollinem.
464 2174 534 2240 Alii,
568 2174 640 2244 quod
661 2169 775 2240 subiicit,

195 2263 291 2317 purant
305 2249 565 2319 Triptolemum
584 2264 610 2302 er
628 2245 775 2303 lasiona.

196 2326 230 2377 Et
243 2322 275 2377 stc
290 2340 316 2377 er
330 2325 373 2377 alii
387 2326 469 2381 aliter.
517 2326 563 2392 16)
582 2330 642 2382 Vox
661 2327 772 2387 Graeca,

200 2414 268 2467 quae
290 2398 323 2452 de
345 2397 482 2462 laborum,
504 2400 676 2453 certaminum
697 2414 773 2468 pree·

193 2473 254 2526 mila
270 2474 321 2528 dici
337 2473 408 2528 soler.
445 2474 771 2544 Receperuntpolletiores

193 2545 281 2601 lerini
301 2546 373 2603 sensu
393 2563 480 2603 tamen
504 2550 641 2604 immutato
661 2551 709 2618 stc,
739 2561 770 2604 ut

193 2622 279 2692 vulgo
293 2624 326 2678 de
344 2623 494 2693 stipendiis,
514 2623 650 2680 laboribus
666 2628 768 2684 Hercu·

192 2695 227 2751 lia
242 2697 413 2763 adhiberent,
438 2697 496 2768 post
510 2701 541 2753 nd
559 2701 625 2754 elios
642 2700 767 2769 transser-

191 2786 258 2825 rent.
298 2775 347 2828 lllo
369 2772 440 2826 sensu
455 2776 581 2844 Hyginus
603 2773 771 2842 famum.

188 2860 293 2905 enarrat
303 2848 433 2910 Herculis
451 2849 557 2912 etltla
576 2852 731 2913 uuolton
750 2847 789 2903 alo

705 2930 810 2993 baru-
