1934 3392
346 305 561 372 AMPELIUS.
717 317 776 380 105

123 472 200 536 nius
209 474 465 554 cognominatur,
487 475 540 558 qui
557 494 594 536 ex
609 469 639 551 ⁶)
653 468 777 533 Proser·

122 560 201 639 pina
213 558 361 621 Liberum
381 570 503 641 patrem
523 556 775 641 procreauitpri·

123 660 216 704 mum
234 646 271 723 ⁷)
287 641 451 708 vistorum.
495 645 623 708 Tertius
646 637 683 720 8)
703 639 776 700 Cre·

123 733 194 799 tae,
224 724 347 790 Saturni
363 740 395 792 et
414 731 445 810 ⁹)
462 729 540 811 Opis
562 728 664 801 filius,
694 723 776 804 opti·

125 828 197 873 mus
211 814 427 896 maximusque
437 814 480 876 est
489 813 672 896 appellatus
694 810 776 871 Mar·

124 900 174 957 tes
192 893 283 959 fuere
304 896 379 961 duo,
423 900 545 963 Primus
568 919 608 960 ex
628 898 674 975 ¹⁰)
687 893 776 955 Eno-

438 983 466 1046 E
492 1001 507 1063 5
647 1054 649 1059 Ι
675 975 776 1060 poste,

197 1069 363 1125 hieindicet.
401 1076 774 1140 Ferunturautempraeteree

197 1146 307 1208 Caelus,
329 1146 410 1207 Rhea,
433 1148 474 1201 sed
491 1150 569 1201 nimis
586 1148 644 1201 sunt
659 1143 773 1198 diesuna.

195 1220 229 1288 6)
248 1221 348 1289 Hygin.
364 1220 479 1291 sauny.
501 1220 606 1276 Liber
626 1218 721 1275 Iovis
740 1230 775 1268 et

197 1294 439 1363 Proserpinae
465 1297 573 1369 filius
593 1314 607 1350 n
629 1291 774 1349 Titanis

195 1366 239 1422 est
256 1368 466 1437 distractus,
487 1373 588 1441 eujus
610 1386 669 1424 cor
689 1382 775 1419 con-

195 1444 322 1497 tritum
356 1448 454 1501 lovis
479 1447 638 1501 Semelae
673 1440 774 1495 dedit

198 1518 231 1571 in
250 1519 443 1587 petionem.
480 1524 592 1584 Ceteri,
624 1534 691 1588 quae
712 1511 774 1567 sub·

196 1593 294 1662 jungit.
314 1594 357 1647 vel
373 1610 404 1646 ex
420 1594 519 1648 Ouidio
535 1609 598 1647 note
612 1593 681 1646 sunt.
717 1587 774 1642 vid.

196 1666 272 1722 infre.
316 1666 411 1722 Cicero
434 1684 522 1720 tumen
543 1685 565 1720 c.
586 1669 603 1720 1.
628 1665 709 1734 (istit,
742 1677 775 1712 ex

197 1745 259 1795 love
273 1742 396 1795 Aetheris
416 1740 472 1796 filio
494 1741 675 1811 Proserpinam
690 1752 716 1790 et
731 1735 774 1788 Li·

195 1813 288 1873 berum
304 1830 379 1870 natos
395 1816 453 1871 eise.
492 1822 525 1872 Et
540 1819 573 1872 sic
581 1816 700 1887 plenique
709 1815 774 1865 Pro·

192 1890 613 1961 'serpinumiovieffliamfaciunt.
630 1888 633 1897 “
652 1890 684 1943 cf.
700 1891 774 1952 Hey·

194 1982 228 2019 ne
240 1967 273 2019 nd
287 1966 446 2033 Apollodor.
468 1984 495 2036 p.
518 1984 556 2034 32.
596 1964 665 2019 [nfra
684 1976 774 2017 tamen

192 2040 283 2093 noster'
299 2038 370 2092 idem
396 2043 500 2110 repetit.
549 2038 587 2109 γ’)
613 2052 691 2092 norae
712 2034 774 2087 sunt

195 2112 290 2168 Bacchi
306 2113 333 2166 in
347 2114 449 2167 Indiam
462 2116 490 2168 in
506 2115 606 2185 primis·
618 2130 644 2166 et
664 2107 772 2179 expedi·

194 2188 279 2242 tiones
292 2204 318 2241 et
332 2186 466 2243 vieini-iae.
507 2188 538 2256 8)
559 2187 631 2259 quod
652 2185 772 2255 plerique

195 2264 227 2317 de
250 2266 314 2316 love
333 2265 443 2317 omnino
464 2264 561 2324 ferunt,
582 2264 653 2316 unde
667 2261 773 2314 encre·

194 2340 281 2397 teuses,
303 2337 436 2402 creticus,
456 2340 483 2392 in
497 2338 584 2392 nuinis
597 2325 771 2407 κςητηινιὶε,

194 2414 319 2485 xenaiae
339 2424 517 2482 nuncupetur.
538 2414 621 2479 ”Ejus
641 2413 719 2465 etiem
742 2410 771 2460 in

191 2486 273 2541 Crete
297 2485 445 2556 sepulcrum
466 2484 669 2548 ostendebatur,
691 2480 770 2553 ¹quod

195 2561 302 2629 quidem
321 2564 428 2633 gravius
448 2562 556 2634 castigat
569 2559 726 2616 callimach.
741 2556 770 2607 in

190 2639 244 2691 lov.
258 2654 285 2691 v.
299 2652 318 2708 9
366 2638 397 2708 9)
412 2638 456 2692 alii
471 2638 569 2693 uheam
585 2638 661 2692 etiem
680 2630 768 2704 profe·

194 2726 265 2776 runt,
287 2712 330 2765 etsi
346 2714 413 2767 illud
421 2730 525 2767 omnem
534 2713 716 2782 antiquitatem
730 2719 770 2758 te·
795 2710 799 2717 '

193 2781 250 2840 steri
284 2786 406 2841 adfirmet
436 2789 577 2843 Boccaiius
606 2789 636 2840 in
660 2776 777 2839 cienen-

193 2874 229 2923 11,
258 2876 280 2915 ¹·
300 2862 353 2918 in·-
375 2862 441 2932 Ιιο)
461 2864 514 2920 hec
538 2880 643 2921 nomeu
668 2861 711 2915 'm-
724 2857 794 2909 1³0·

723 2939 811 2984 mein
