1934 3392
304 269 521 339 Auienus.
700 267 742 354 ⁶9

116 443 135 518 ’)
152 458 246 523 quam
258 438 425 523 deposuit,
444 442 477 502 in
502 458 580 521 qua,
599 439 673 522 quid
694 439 742 517 sit,

116 536 275 607 {nocetum
292 525 357 603 ‘sed
376 537 409 591 et
428 530 465 600 ³¹)
487 524 551 589 olla
571 545 680 603 aerea,
708 529 743 589 in

679 629 744 704 ¹que

163 795 217 851 sine
233 796 317 854 dubio
330 796 381 853 suit
396 816 441 854 rex
456 798 637 868 Argivorum.
658 813 741 866 quern

164 874 246 943 Argis
269 875 390 930 exrdium
404 877 500 944 Sicyon
519 891 545 926 nt
560 875 593 926 ad
609 872 741 942 Polybium

166 948 312 1019 confugisse
335 968 420 1019 eoque
437 967 481 1003 nro
509 966 544 1002 uo
566 964 677 1017 regnum
701 965 741 1001 re-

162 1021 247 1076 nuisse
261 1023 349 1079 scribit
363 1024 470 1079 Pausan,
486 1040 517 1090 3,
536 1023 562 1079 6.
583 1038 648 1076 extr.
687 1022 741 1078 Sed

158 1095 206 1151 hic
221 1100 337 1169 Megaris
358 1115 479 1155 mortuus
495 1096 546 1162 est,
566 1114 626 1150 cum
639 1100 738 1151 exerci-

166 1187 222 1227 tum
235 1173 410 1233 eTheberurn
425 1173 621 1243 ‚expugnetione
630 1172 740 1226 domurn

163 1249 312 1315 reduceret,
331 1250 421 1319 ibique
434 1248 562 1318 sepultus.
580 1247 700 1316 (Pausun.
717 1264 738 1312 ι,

161 1338 204 1391 43.
218 1323 273 1393 in.)
299 1319 415 1396 Κινῆριαν
435 1325 603 1392 tamenejus
626 1324 740 1393 Sicyone

164 1396 242 1453 suisse
264 1399 343 1454 refert
362 1419 394 1454 ex
415 1398 556 1455 Dieutiche
575 1397 662 1451 Schol.
678 1397 739 1452 Pin·
781 1416 783 1421 ·

165 1474 220 1527 duri
236 1475 269 1529 ud
278 1480 353 1529 Nem.
370 1491 396 1546 9.
416 1491 451 1530 αι.
489 1479 533 1529 An
548 1474 677 1540 ejusmodi
693 1473 740 1525 uli·

165 1548 228 1617 quid
242 1549 289 1603 suo
304 1568 375 1604 more
397 1550 530 1620 adtingit?
566 1548 635 1602 Vide
654 1562 741 1601 tomen

165 1627 284 1692 proxime
300 1625 365 1697 post.
404 1624 454 1691 30)
475 1623 597 1679 Heinsius
618 1619 739 1690 legebat:

167 1714 268 1766 quam
294 1701 417 1757 Medea
442 1696 618 1766 deposuit.
665 1694 739 1750 Scili-

165 1787 207 1827 cet
221 1775 373 1832 admonitus
395 1775 442 1835 iis,
465 1790 533 1843 quae
548 1768 741 1839 subsequuntur

167 1849 284 1917 dePelio.
323 1854 392 1905 Turn
409 1865 471 1905 vero
485 1866 534 1919 pro
549 1846 686 1902 Adrasti
702 1847 739 1898 le·

167 1927 283 1994 gendum
298 1924 422 1981 etiumest
437 1923 566 1983 Acesti,
586 1922 684 1990 quippe
693 1920 740 1990 qui

167 2001 253 2054 Peliae
262 2003 312 2057 fuit
328 2000 407 2056 filius.
432 2005 468 2061 Et
483 1999 516 2052 suc
531 1997 744 2065 narretioaptiue.

167 2090 194 2128 er
215 2078 298 2131 artius
320 2076 449 2130 cohaeret.
486 2073 539 2142 31)
560 2088 601 2125 res
618 2069 683 2124 heec
704 2070 740 2127 est

168 2151 269 2221 Hygini
283 2151 395 2205 menime
412 2147 501 2205 verbis
516 2145 570 2201 fab.
584 2163 630 2213 24:
657 2145 741 2209 suson,

167 2242 228 2279 cum
246 2226 331 2281 Peliae
347 2226 435 2294 petrus
448 2224 486 2279 sui
499 2222 567 2292 jussu
581 2237 622 2277 tot
636 2222 742 2292 pericu·

167 2301 192 2354 le
213 2300 328 2363 adiisset,
348 2302 463 2371 cogitate
480 2300 583 2368 coepit,
603 2298 739 2369 quomodo

166 2394 227 2431 eum
242 2379 294 2431 sine
317 2376 460 2445 suspicione
476 2373 643 2428 interficeret.
681 2377 741 2427 Me·

164 2452 215 2507 dee
230 2451 253 2506 se
269 2453 295 2506 id
316 2450 443 2505 fusiorem
464 2447 513 2503 effe
534 2449 684 2517 pollicetur.
701 2478 740 2493 --

166 2528 247 2581 Venit
267 2528 349 2595 igitur·
364 2526 396 2580 nd
411 2525 496 2581 Peliae
513 2523 580 2577 filius
595 2540 644 2594 pro
658 2525 740 2580 sacer-

160 2604 227 2657 dote
247 2603 366 2669 Diunce‚
383 2616 411 2655 et
431 2600 579 2670 promittit,
599 2599 624 2652 se
638 2617 740 2670 patrem

161 2694 254 2732 eurum
270 2677 366 2731 Peliam
388 2694 419 2729 ex
441 2676 499 2729 sene
519 2678 641 2742 juvenem
656 2675 740 2730 faetu-

164 2770 232 2808 uem.
252 2781 290 2793 -
309 2754 385 2807 ulliae
405 2751 545 2825 deceptae,
571 2752 693 2820 exempio
713 2751 746 2803 in

161 2826 247 2883 iniere
260 2827 348 2882 veruio
362 2824 449 2891 fedo,
466 2843 570 2899 patrem
585 2826 711 2885 occisum
722 2827 759 2879 in

695 2916 774 2958 neno
