1934 3392
328 299 548 374 anianus.
592 298 595 303 ·
727 309 768 385 15

112 467 168 558 qui
183 490 259 534 cum
276 469 333 534 illo
346 477 430 546 erat,
454 471 531 535 vidit
546 475 591 544 ²9>
602 467 770 534 hominem

112 556 276 630 occisum,
305 566 337 619 et
359 576 433 619 cum
455 557 576 621 ululatu
596 556 637 619 ad
653 556 769 637 Erigo·

113 661 191 705 nam
206 641 314 715 rediit,
337 660 430 722 quem
446 650 481 703 ut
496 640 651 704 moestum
666 650 699 702 et
710 640 770 702 lin·

114 726 261 809 gulatem
282 726 377 800 vidit,
405 722 537 788 sollicita
558 722 770 807 proficiscitur

117 829 192 874 eum
207 829 261 874 eo,
302 807 482 881 Veneread
494 811 615 886 locum,
636 807 691 873 ubi
705 808 770 870 Ica-

115 896 181 959 rius
208 893 340 977 jacebat.
386 893 483 959 ¹Vidit
510 913 634 977 corpus»
659 893 769 974 patris·

116 981 233 1061 Magna
279 979 502 1042 lamentatione
540 980 574 1041 in
614 979 772 1060 Hymetto

116 1073 228 1127 monte
243 1063 391 1145 sepelivit.
425 1062 490 1144 lpla
503 1083 580 1126 vero
596 1062 625 1124 se
641 1062 772 1143 suspen·

118 1145 161 1211 dit
178 1148 305 1231 laqueo,
348 1149 393 1226 ³⁰)
414 1147 512 1210 Canis
531 1147 570 1209 ad
586 1146 683 1228 pedes
700 1147 770 1228 ejus

119 1232 319 1296 discumbens
334 1230 461 1305 diutius,
486 1240 519 1294 et
532 1230 596 1295 fine
610 1230 770 1293 alimentis

121 1317 280 1391 deficiens,
298 1315 486 1398 postaquam
501 1315 650 1379 anhelans
666 1316 697 1378 in
713 1333 771 1395 pu·

121 1411 205 1483 teum
217 1401 249 1466 se
261 1401 410 1486 projecit.
459 1401 543 1467 Tum
554 1400 772 1466 Liberalove

658 1485 699 1565 ³¹)
716 1502 771 1566 pe·

192 1601 349 1658 Scholiastts
363 1601 530 1664 Germanici,
550 1599 597 1668 qui
618 1598 709 1653 eadem
724 1597 770 1651 ha-

193 1677 254 1743 bet,
275 1679 412 1747 depromta
435 1676 505 1729 forte
524 1691 556 1726 ex
569 1672 688 1741 Hygino.
726 1675 771 1725 De

192 1754 265 1807 canis
295 1760 382 1806 tam'en
410 1749 520 1804 interitu
546 1747 616 1801 solus
644 1744 772 1816 Hyginus

192 1843 265 1897 poet.
281 1826 374 1880 astron.
389 1841 420 1888 a,
442 1843 468 1892 4.
486 1822 586 1876 retulit.
625 1822 680 1876 alii
694 1822 771 1877 slim

193 1917 277 1956 totam
298 1919 353 1955 rem
369 1904 477 1969 ejusque
492 1897 591 1952 causam
609 1912 770 1951 commemo·

194 1993 261 2031 rant.
290 1977 479 2032 .Ceterumille
495 1975 564 2025 canis
580 1973 698 2026 Sirius
711 1971 770 2024 vul·
828 2002 845 2025 s

193 2068 228 2122 go
249 2067 373 2113 vocatur,
402 2048 521 2117 quamvis
543 2046 704 2115 splendidam
725 2044 771 2099 alii

195 2127 223 2181 in
239 2126 310 2178 canis
323 2126 415 2194 lingua
431 2123 528 2176 stellam
542 2121 580 2173 its
594 2120 647 2173 dici
664 2121 770 2174 volunt.

194 2202 296 2269 Hygia.
318 2214 387 2269 poet.
404 2197 498 2250 astron.
518 2211 549 2258 α,
569 2211 594 2262 4.
628 2199 771 2259 Canem,

194 2275 290 2344 inquit,
307 2274 366 2328 lua
384 2270 633 2341 adpellatione
653 2281 684 2323 et
702 2268 770 2338 ipe·

195 2346 772 2412 t.ieCeniculamdixerunt;quae

196 2424 401 2482 aGraecis,
439 2421 529 2490 quod
556 2434 637 2473 ante
661 2421 770 2487 majo-

196 2514 264 2552 rem
305 2513 424 2551 canem
463 2496 597 2558 oritur,
653 2485 770 2562 nemina

193 2573 409 2642 adpellatur.
461 2574 515 2642 29)
542 2569 662 2623 Heinfius
690 2568 771 2621 male·

197 2645 243 2701 bat
264 2646 457 2708 dominum
493 2645 601 2714 propius
624 2658 649 2696 et
669 2643 769 2711 aptius.

193 2725 228 2776 Et
254 2721 288 2774 sit
314 2722 414 2791 Hygin.
445 2734 517 2789 poet.
552 2720 646 2772 allron.
673 2732 704 2783 a,
744 2730 770 2781 4.

195 2797 352 2856 ululans,
371 2810 409 2848 ut
426 2795 612 2847 videretur
632 2789 771 2845 obitum

194 2869 330 2929 domini
366 2866 598 2942 lacrymati·
635 2863 697 2936 no)
719 2866 785 2948 lt}-

737 2950 806 2990 mos
