1934 3392
329 424 544 493 Amanum.
699 445 764 519 229
850 460 854 469 ·

136 614 174 659 ue
195 592 258 676 ipse
276 593 314 658 ab
335 593 542 661 offerentibus
564 616 699 682 regnum
714 621 764 665 ae·

136 681 216 762 epit,
251 677 302 741 sed
323 699 428 742 arcem
448 701 573 764 quoque
594 684 764 751 demolitus

136 763 168 827 st.
211 763 283 838 Hic,
305 783 380 827 curn
393 767 763 849 conviciamalaaudiret,

136 850 174 911 it:
203 848 287 912 Tota
302 849 363 911 vita
378 869 450 913 mea
467 851 501 914 id
516 853 579 934 egi,
601 863 637 918 ut
649 873 764 919 omnes

138 932 205 997 beri
222 930 365 997 essemus.

189 1103 237 1161 bes
251 1121 308 1175 cap.
323 1120 347 1160 a.
363 1117 389 1159 et
403 1120 426 1171 3.
464 1106 515 1162 Sed
530 1106 574 1177 qui
588 1105 653 1160 haec
666 1105 766 1162 faciant

189 1180 222 1235 ad
251 1197 326 1251 reges
353 1178 494 1251 Armeniae
521 1199 548 1236 et
568 1180 765 1252 Cappadociae,

189 1272 268 1310 nemo
290 1254 393 1310 dixerit
429 1255 501 1308 Hinc
518 1271 612 1325 magna
628 1258 705 1310 etiam
719 1273 764 1308 ea-

187 1330 250 1399 pitis
265 1330 344 1400 hujus
361 1344 386 1385 et
406 1327 483 1384 foeda
499 1330 651 1402 depravatio
666 1330 765 1387 intelli·

137 1434 139 1439 ·
189 1420 270 1476 gitur.

309 1613 395 1678 Cnn.
417 1613 565 1681 XXXIII.

236 1763 327 1839 Reges
345 1761 426 1840 Afiae
445 1779 480 1851 et
502 1764 637 1837 Pergami.

175 1916 336 1980 Eumenes
355 1917 391 1997 ¹.)
411 1914 600 1995 Cardianus,
628 1900 764 1999 Philippi

137 2006 156 2084 )“
171 2012 204 2066 et
222 2001 391 2065 Alexandri
417 2004 557 2086 armiger
577 2000 762 2066 bellicosrffi·

137 2108 199 2164 rus,
242 2085 294 2148 sed
320 2106 432 2171 parum
458 2086 609 2168 prospera
632 2084 784 2149 fortuna

409 2168 439 2235 K
461 2186 479 2252 γ
677 2168 761 2248 usus,

147 2308 175 2380 ι)
196 2304 257 2362 dedi
273 2304 472 2361 Cardianus
492 2302 526 2360 ab
542 2302 607 2360 urbe
621 2303 719 2362 Cardia
734 2304 762 2384 in

182 2383 283 2437 cervice
303 2380 453 2437 Chersonesi
474 2380 617 2440 Tauricae,
644 2380 684 2435 uti
703 2381 762 2435 elias

184 2459 297 2520 dicitur.
317 2471 343 2510 et
362 2459 414 2525 jam
435 2454 477 2511 hie
498 2457 550 2526 leg.
572 2453 640 2510 tede
655 2454 762 2510 censue·

185 2550 225 2587 rat
246 2532 408 2586 Freinshem.
430 2530 463 2584 ad
486 2530 563 2586 Cure.
580 2546 635 2590 ιο,
656 2546 701 2584 ιο.
722 2530 759 2585 in.

182 2607 241 2662 Post
267 2608 345 2661 etium
366 2608 525 2662 Stavetenus
550 2605 583 2657 ad
606 2607 760 2674 Nepet-18,

181 2699 201 2737 1.
225 2674 261 2735 in'.
305 2682 413 2736 Graecis
443 2674 461 2735 a‘
483 2675 631 2748 reptantis.
670 2681 760 2750 Vulgo

138 2786 142 2797 ·
183 2774 243 2811 ante
276 2757 498 2811 carduenua
554 2756 589 2824 a)
616 2753 760 2825 interposui

183 2831 338 2901 particulam
357 2846 405 2895 et,
426 2846 494 2898 quae
509 2830 591 2897 vulgo
605 2827 682 2884 abest.
702 2829 759 2880 nd·

180 2905 294 2960 dendam
308 2905 357 2957 effe
380 2905 488 2970 adparet
501 2921 532 2956 ex
547 2909 652 2971 Nepote
666 2914 716 2964 18,
738 2919 757 2955 1.

181 2985 220 3038 At
233 2979 302 3033 idern
317 2996 377 3034 curn
397 2978 457 3035 aiiia
476 2979 552 3051 apud
569 2993 721 3041 utrumqne
734 2974 777 3023 an

670 3058 797 3100 &mmm
