1934 3392
351 301 576 383 maturus.
733 288 794 395 1'53

134 483 299 549 Oceanum
312 486 432 566 primus
453 488 599 551 omnium
612 480 790 565 navigall'et.

132 568 314 650 Philippus,
340 573 392 653 qui
408 570 478 652 post
493 571 707 634 Alexandrum
723 570 787 629 lla·

87 686 90 691 ,
131 655 293 716 tedonem
313 654 446 736 septimo
465 657 566 737 gradu
582 653 788 718 Macedoniae

128 739 293 820 regnavit,
336 744 384 821 ¹¹)
411 738 576 804 invillus
567 761 600 802 tn
620 737 787 802 Graeciam

129 842 206 886 cum
225 822 314 886 saeve
335 825 570 899 dominaretur,
600 829 667 895 αι’)
683 820 784 902 Sulpi·

127 907 181 970 cio
191 900 344 970 consule
335 929 368 969 m
378 909 517 972 Phocide
531 873 631 975 vi'tms
641 908 693 981 est,
706 926 785 968 mox

126 994 200 1071 an)
214 991 421 1056 Flaminino
412 1013 444 1056 tn
459 996 665 1067 Macedonia,
687 988 785 1055 Thes·

122 1073 197 1137 salia
225 1078 307 1158 apud
332 1085 383 1158 ¹⁴)
402 1079 574 1161 Cynoscep
575 1079 679 1154 halaa,
714 1074 780 1148 ubi,

75 1159 201 1229 dato
217 1164 259 1234 ¹5)
274 1152 380 1225 obfide
394 1163 463 1227 filio
476 1164 662 1239 Demetrio,
686 1159 780 1241 regni

430 1248 498 1333 G5
690 1253 783 1328 parte

198 1342 426 1406 velutlustin.1'r‚
447 1362 479 1410 2,
501 1362 525 1414 7.
543 1340 776 1415 proflabylon.

195 1417 256 1471 Hoc
279 1426 366 1472 tamen
388 1419 475 1473 noster
496 1420 553 1488 cap.
577 1437 608 1474 11.
650 1419 701 1487 ιι)
719 1417 776 1485 spe·
825 1432 843 1459 a

197 1489 268 1545 stant
283 1492 347 1546 baec
369 1492 469 1547 bellum
486 1495 597 1559 sodale,
619 1495 662 1547 etsi
678 1491 776 1562 postre-

196 1583 270 1620 mum
285 1568 422 1621 aLaevino
438 1569 524 1624 villus
540 1570 583 1624 est.
615 1568 648 1622 cf.
662 1572 775 1634 Eutrop.

191 1656 216 1708 3,
236 1655 269 1706 13.
288 1642 346 1712 (7.)
385 1643 429 1697 Ad
443 1644 556 1698 alterum
570 1658 657 1697 tamen
672 1640 774 1696 bellum

194 1716 321 1770 transfert
346 1719 415 1771 Flor.
431 1734 455 1779 2,
475 1734 501 1786 7,
524 1721 550 1774 6.
592 1718 639 1789 υ)
660 1716 773 1785 pertinet
800 1762 804 1777 ,

194 1791 227 1844 ad
242 1789 340 1845 bellum
351 1794 563 1858 Macedonicum,
583 1794 655 1862 quod
664 1792 771 1845 dicitur.

192 1869 223 1920 In
237 1883 268 1918 eo
282 1867 381 1921 indiuo
393 1869 547 1923 Macedonia
562 1868 697 1939 pruvincia
710 1883 771 1919 eve-

191 1941 233 1994 nit
245 1940 365 2011 Sulpicio
381 1943 491 1998 consuli.
530 1946 602 2013 (Liv.
618 1960 653 2008 31,
674 1944 700 1997 6.
716 1940 781 2011 in).

192 2013 245 2069 Sed
258 2031 290 2067 an
306 2033 367 2069 eum
380 2018 406 2069 in
417 2018 533 2072 Phocide
542 2019 644 2078 vicerit,
662 2016 771 2070 aliunde

187 2106 242 2143 non
258 2089 342 2144 habeo
358 2091 454 2145 dicere.
480 2094 633 2146 Secundum
652 2088 768 2157 App'ian.

189 2166 223 2218 de
243 2163 298 2219 reb.
321 2167 422 2219 Maced.
444 2158 501 2234 dap.
523 2185 546 2220 2.
585 2165 720 2235 Sulpicius
742 2163 770 2216 in

187 2239 276 2309 priore
292 2238 371 2303 bello,
390 2239 437 2294 ubi
452 2258 512 2295 cum
521 2240 644 2310 Philippo
652 2254 678 2293 et
685 2241 769 2293 Aeto·

189 2316 223 2369 lis
239 2313 374 2383 agebatur,
394 2315 492 2369 arbiter
508 2316 635 2370 interfuit.
673 2313 713 2381 13)
734 2314 768 2369 stc

189 2390 251 2444 dedi
267 2407 314 2458 pro
327 2391 419 2444 Flam
429 2392 436 2442 i
446 2393 478 2443 ni
487 2408 518 2451 ο,
541 2411 571 2445 ex
580 2390 682 2460 vulgari
693 2405 768 2443 cotn-

186 2465 341 2519 mutatione.
380 2465 435 2518 vid.
458 2466 491 2518 ad
507 2469 615 2535 Eutrop.
631 2483 663 2531 4,
682 2478 703 2516 1.
725 2464 767 2517 in·

183 2538 223 2592 fra
242 2556 299 2609 cap.
321 2557 364 2607 44.
381 2541 416 2593 in.
444 2556 485 2607 47.
505 2541 542 2593 in.
588 2540 645 2608 14)
667 2539 765 2609 vulgo:

187 2614 471 2684 Cynocephalas.
525 2615 560 2669 cf.
587 2618 643 2670 Liv.
663 2628 712 2680 33,
740 2628 765 2680 7.

187 2688 274 2744 Etiam
288 2688 351 2742 haee
367 2689 520 2758 depravatio
528 2691 662 2759 frequens,
682 2686 764 2743 veluti

185 2765 247 2818 in
230 2764 352 2831 Florae
373 2780 405 2830 7,
425 2781 457 2817 u.
476 2765 513 2818 ita
528 2782 619 2819 omnes
635 2762 720 2830 scripti
737 2773 766 2814 et

186 2839 252 2892 olim
273 2837 345 2891 editi.
391 2837 492 2891 Idem
483 2856 513 2892 tn
534 2837 693 2906 Cynossema
714 2850 762 2887 no·

104 2985 107 2991 .
184 2927 262 2970 ‘¹²¹¹ss
313 2927 347 2977 ¹5
354 2912 368 2985 )
395 2930 476 2987 quem
505 2929 535 2972 et
548 2912 724 2972 Flamininus
746 2920 783 2956 m

700 2981 805 3036 titum
850 3044 855 3049 Ι
