1934 3392
361 407 576 476 Amemms.
751 416 799 496 87-

157 569 209 651 piu
221 573 308 641 foras
321 575 376 645 IV.
391 581 521 644 arietina
535 596 664 663 magna,
688 580 793 644 corni-

157 655 204 721 bus
229 662 326 726 mirae
360 666 586 750 magnitudinis
623 667 793 730 contortis.

157 742 197 823 ⁷⁴)
213 745 368 830 Pergamo
391 770 444 814 ura
463 770 643 817 marmorea
668 768 791 832 magna,

116 880 119 885 .
156 826 204 926 elta
215 832 314 914 pedes
329 833 396 899 XL.
411 857 485 903 cum
498 838 643 902 maximis
659 834 792 916 sculptu-

154 928 196 976 Μ.
233 917 386 984 Continet
399 932 504 986 autem
523 926 570 1001 Π)
590 922 793 1004 gigantoma-

155 994 253 1066 eliam.
303 1004 433 1084 Rhodo,
447 1007 570 1090 iignum
598 1006 648 1087 ⁷⁶)
671 1007 791 1069 Dianae

154 1098 355 1156 marmoreum
367 1091 612 1174 pulcerrimum,
633 1091 720 1177 quod
734 1088 791 1236 lsiag

225 1222 228 1227 -
748 1194 767 1237 u

101 1424 103 1443 .
212 1391 362 1478 Ampeliou,
382 1395 454 1466 quod
469 1409 584 1466 quatuor
596 1391 705 1458 hebuit,
725 1409 787 1446 cum

208 1476 343 1539 ωσυβιον
363 1472 453 1534 ulitete
467 1471 530 1526 ellet
545 1472 587 1526 vel
606 1464 722 1540 ubuum
743 1467 787 1521 vel

101 1582 106 1601 .
212 1542 290 1596 etiam
313 1546 424 1615 οὶμφᾶις.
464 1548 517 1601 Sed
537 1563 564 1601 et
585 1560 699 1615 quatuor
713 1544 788 1598 ansae

210 1615 305 1674 inbuit
323 1619 441 1676 Nestoris
454 1622 523 1676 illud
544 1622 671 1692 poculum
689 1619 715 1671 in
729 1621 786 1672 Ho-

208 1708 282 1747 mero
297 1696 326 1748 li.
345 1712 385 1759 11,
406 1700 460 1763 632.
481 1695 527 1750 ubi
551 1695 610 1748 sunt
631 1688 702 1751 deva
722 1684 786 1748 eic-

210 1786 292 1837 σιμ,
315 1770 348 1823 de
370 1769 468 1839 quibus
490 1771 608 1838 disputat
631 1765 787 1821 Athenaeus

208 1857 243 1905 n,
262 1858 300 1898 le.
320 1862 346 1914 p.
368 1863 402 1897 m.
426 1856 485 1914 488.
504 1858 642 1898 uemcecm
657 1839 787 1895 recentio·
832 1910 835 1917 Ι

208 1932 260 1971 ree.
312 1921 425 1975 Accedit
446 1921 479 1976 ed
500 1919 672 1978 miraculum,
712 1916 787 1985 quod

205 1991 261 2062 ipse
285 1994 400 2060 indicet,
441 2012 572 2051 cornuum
599 2008 785 2048 contortorum

208 2070 376 2138 magnitudo.
414 2073 464 2126 Sed
487 2071 552 2140 quid
573 2070 638 2123 velit
659 2082 784 2135 corrupte

205 2142 259 2197 sine
273 2143 356 2200 dubio
375 2163 427 2201 vox
448 2147 562 2208 fures,
584 2161 639 2197 non
652 2142 782 2210 intelligo.

207 2219 236 2274 Si
258 2221 329 2274 enim
345 2221 381 2276 est
395 2220 574 2283 extrinsecus,
600 2218 627 2271 id
642 2214 726 2287 perse
742 2214 783 2267 in·

173 2346 177 2353 ,
205 2295 352 2366 alligitur,
372 2313 398 2350 et
419 2296 561 2351 insolenter
581 2293 660 2348 etiam
682 2289 782 2345 diuum

202 2366 250 2423 est.
295 2371 351 2441 74)
373 2372 471 2437 forma,
504 2388 582 2440 quam
611 2371 662 2438 jem
683 2365 784 2422 notavi.

203 2444 251 2500 Sic
267 2446 434 2514 postRhodo.
473 2447 522 2519 75)
543 2443 729 2515 descripserant
743 2457 782 2496 et·

186 2519 257 2574 'iem
278 2535 415 2591 poetarum
437 2523 553 2575 carmine
575 2521 691 2589 entique.
742 2522 782 2573 lix

197 2593 390 2666 posterioribus
404 2596 485 2652 fertur
500 2595 640 2652 Claudiani
658 2595 781 2665 giganto-

205 2671 326 2733 machia,
346 2673 390 2726 etsi
409 2672 490 2727 hodie
509 2688 563 2726 non
580 2672 688 2740 integre.
728 2668 780 2739 76)

197 2744 290 2801 Rhodi
303 2747 392 2817 plures
407 2751 498 2812 Deos,
520 2752 624 2808 lovem,
642 2748 781 2805 lunonem,

195 2822 367 2889 Neptunum,
387 2824 500 2877 maxime
514 2822 666 2892 Apollinem
681 2818 780 2873 velSo·

201 2895 257 2948 lem
273 2898 375 2953 cultum
388 2898 478 2965 fuisse,
507 2898 605 2954 docent
619 2894 707 2951 numi.
736 2891 788 2946 De

193 2969 283 3026 Dim
296 2973 381 3032 meict
392 2988 518 3034 occurret
534 2973 653 3039 mentio,
674 2972 696 3026 (ι
709 2965 799 3024 modu

201 3074 205 3081 ’
704 3055 811 3101 ocem·
