1934 3392
184 402 197 429 Χ

305 470 520 544 aurarius.
676 472 739 560 267
774 472 782 487 ¹

116 678 119 707 i
138 644 302 713 bellantes.
350 648 411 713 Per
432 645 599 731 Scipiones
619 643 742 711 Asrice·

116 753 162 809 σε,
185 732 466 814 Carthaginienses.
510 731 742 804 Per⁶)Paulum
771 780 773 786 .

116 816 275 892 cosulem,
297 817 409 882 Persen
423 821 457 882 in
473 815 564 902 Syria
579 818 665 892 vicit,
693 838 741 880 re·

116 923 164 968 em
191 903 396 969 Antiochum.
461 904 522 968 Per
555 902 742 991 Scipionem

236 1016 239 1021 ·
388 989 464 1055 Ma
632 988 741 1052 Aemi·

160 1175 338 1248 subpsendum
364 1177 393 1229 P.
416 1179 448 1229 lt.
488 1174 521 1244 4)
540 1175 594 1230 imo
607 1173 743 1245 Philippo,

162 1268 193 1307 ut
208 1250 343 1320 subjunsia
359 1251 457 1304 docent
476 1265 503 1303 et
520 1250 573 1319 ipse
586 1253 687 1306 dixerat
702 1250 740 1305 16.

163 1329 200 1382 in.
220 1345 262 1395 44.
277 1327 313 1379 in.
346 1330 418 1393 'Mox
433 1326 512 1379 etiam
528 1327 653 1395 sequitur,
678 1329 741 1379 Pet·

117 1421 125 1427 ·
163 1401 206 1457 sen
221 1419 236 1454 a
249 1402 332 1456 Paulo
345 1399 453 1455 visium.
493 1399 524 1468 5)
537 1401 666 1455 *Heinsius
687 1417 741 1453 re·

165 1475 363 1543 bellantes,
396 1475 469 1545 quod
491 1475 620 1546 probabat
648 1475 742 1531 Duke-

164 1568 219 1616 rua,
240 1551 315 1605 sthic
331 1551 398 1605 resse
413 1551 538 1619 scriptum
554 1551 615 1605 esset
626 1550 740 1605 Perse.

164 1627 200 1694 6)
216 1627 410 1680 Freinshemius
433 1627 467 1679 ad
490 1627 598 1679 Florum
612 1628 645 1694 2,'
664 1636 698 1687 8,
719 1641 741 1680 ι.

162 1702 741 1773 legendumputat:PerPauiutnCon·

163 1777 272 1831 sulem
296 1776 438 1836 Persen,
468 1775 503 1828 in
523 1776 625 1845 Syria
651 1775 742 1831 vi'cit

161 1850 506 1923 regemAntiochurn
525 1867 586 1920 pet
606 1850 743 1921 Scipio·

163 1945 244 1981 nem.
300 1930 363 1980 Per
389 1925 596 1994 Scipionem
624 1926 743 1981 Aemi.

165 2002 295 2056 sianum
315 2030 354 2043 -
379 2000 503 2057 Heinsius
520 2018 628 2072 quoque
649 2000 741 2057 dissin-

160 2075 273 2132 dionem
286 2075 408 2146 posuerat
421 2074 479 2146 post
492 2077 578 2133 Pers
580 2095 628 2132 en.
647 2079 741 2133 Duke-

163 2167 210 2206 tus
232 2149 376 2222 suspicatur
394 2151 452 2221 post
468 2151 593 2206 Persen
614 2153 742 2222 scriptum

162 2222 252 2281 fuisse:
299 2243 360 2296 per
394 2225 618 2295 Scipionem,
658 2226 744 2295 idque

162 2311 272 2372 propter
291 2301 454 2356 adfinitatem
482 2302 557 2355 vocis
578 2301 743 2372 praeceden-

162 2376 198 2430 tis
213 2375 346 2430 excidisse.
386 2376 505 2431 ltaenim
522 2392 578 2432 toto
592 2378 678 2447 capite
693 2395 742 2430 no·

142 2448 233 2506 ‘mina
252 2450 352 2504 ducum
372 2452 399 2505 in
421 2453 553 2521 principio
575 2452 677 2521 periodi
694 2469 742 2519 po·

161 2541 224 2579 nere
238 2525 362 2580 nostrum.
403 2528 531 2596 Equidem
552 2526 665 2583 arbitror
685 2526 743 2596 post

163 2599 257 2655 Persen
272 2600 382 2655 incisum
401 2603 489 2656 minus
511 2604 666 2671 ponendum
681 2601 742 2663 csse,

165 2690 191 2729 et
213 2675 274 2728 inde
297 2676 419 2730 excidisse
445 2694 543 2730 nomen
569 2679 660 2735 ducis.
699 2678 742 2730 vel

164 2751 242 2819 plane
262 2751 384 2804 omissum
405 2751 470 2814 esse,
491 2753 534 2806 etsi
551 2770 641 2808 contra
662 2751 742 2806 sidem

166 2826 193 2878 in
209 2827 330 2880 lemmate
353 2827 449 2881 datam.
485 2824 638 2900 Forte'quia
653 2831 743 2898 plures

165 2901 330 2955 Antiochum
346 2901 475 2956 vicerunt.
514 2909 552 2957 lta
574 2901 743 2974 triumphasse

165 2976 198 3028 de
213 2975 259 3028 illo
275 2977 393 3029 referunt
406 2979 470 3032 Fusii
486 2980 605 3034 Acilium
618 2977 748 3034 Glabrio·

163 3065 224 3104 nem
239 3051 329 3126 (563.)
344 3055 651 3131 Aemiliutnhegihurn
662 3049 797 3171 &swa
