1934 3392
401 211 489 268 'Ar
504 237 507 240 ⁴

350 508 566 579 arrarum.
728 524 793 594 209

140 682 296 747 annorum
314 683 353 761 ¹3)
367 683 547 764 quindecim
561 679 794 763 imperatoria-

140 768 220 838 stus,
242 772 286 846 Ι4)
302 769 439 831 triennio
454 769 485 829 in
495 765 640 848 Hispania
656 767 738 839 vicit,
762 774 795 828 et

140 850 447 933 everfiorreSagunti‚
469 868 565 933 rupto
580 850 722 924 loedere,
739 870 795 931 per

138 939 336 1023 Pyrenaeum
351 948 382 998 et
396 936 494 1017 Alpes
517 938 548 998 ia
563 936 682 999 ltaliam
699 934 795 1009 venit,

139 1022 324 1105 Scipionem
345 1021 382 1082 ad
403 1023 443 1100 15)
457 1022 622 1084 Ticinum.
646 1018 683 1092 ¹⁶)
701 1020 795 1083 Tibe·

140 1111 222 1173 rium
230 1108 394 1171 Claudium
407 1105 488 1187 apud
503 1106 714 1190 aylnbiam,
728 1104 795 1165 lla·

139 1194 274 1259 minium
329 1190 412 1273 apud
462 1187 520 1272 ¹⁸>
561 1189 800 1262 T1·alimenum,·

558 1326 560 1333 .
657 1274 800 1355 ¹⁹)Pau·¹

215 1424 257 1492 ra)
275 1426 461 1479 Hamilcarem.
491 1420 545 1492 .r3)
564 1426 655 1489 Nepos
671 1426 709 1487 ες,
730 1438 753 1489 3,
770 1428 795 1477 α’.

215 1500 301 1553 minor
315 1517 345 1563 25
360 1503 434 1554 annis
452 1514 545 1565 natus,
573 1495 619 1551 ubi
635 1497 721 1565 aliqua
737 1514 798 1550 mo·-

216 1576 273 1627 nui.
319 1580 351 1628 Et
365 1576 397 1629 sac
413 1575 484 1644 apud
501 1572 616 1627 nolirum
638 1572 802 1640 quinque·

215 1663 247 1702 et
268 1650 403 1719 viginti
423 1650 567 1719 legendam
582 1648 687 1701 videtur
705 1647 800 1714 judice·

213 1724 292 1777 etiam
314 1725 432 1778 Dulrero.
472 1723 617 1789 Eutropius
639 1737 669 1787 3,
691 1737 715 1787 7.
737 1722 798 1791 (3.)

212 1814 312 1851 annum
334 1798 412 1866 egilse
435 1798 471 1850 ait
494 1797 653 1857 vicennium,
676 1812 734 1847 cum
751 1798 797 1849 Sa·

217 1884 331 1943 gunrurn
340 1872 516 1944 obpugnaret.
536 1871 701 1938 opinionum
711 1870 800 1923 omnm

213 1964 250 2000 no
268 1947 311 1999 hic
326 1948 361 2000 cll
375 1946 518 2000 diversitas.
556 1946 584 1998 Si
600 1945 702 1998 Livium
718 1959 755 2003 21,
777 1952 797 1998 ι’.

214 2021 369 2088 sequamur,
389 2038 472 2074 annos
488 2036 565 2073 natus
581 2036 676 2072 norem
691 2019 798 2086 juravit,

215 2113 230 2149 a
245 2110 318 2164 patre
333 2096 361 2149 in
374 2095 526 2165 Hispaniam
541 2094 671 2148 ‹leducius
684 2092 727 2157 eli,
751 2092 797 2147 ubi

215 2188 310 2223 novem
326 2189 409 2224 annos
423 2171 562 2239 imperium
572 2166 673 2223 habuit.
694 2172 797 2237 (capa.

211 2244 268 2315 ia.)
297 2246 432 2299 Hamilcar
453 2256 468 2306 8
489 2246 580 2304 annis,
609 2244 651 2295 cui
672 2242 800 2296 famella.-

217 2317 287 2389 (ib.)
326 2324 396 2372 'rum
417 2336 480 2372 vero
503 2315 637 2370 Hannibal
661 2319 693 2371 26
714 2333 797 2371 annos

218 2394 321 2447 habuit.
358 2394 400 2465 ¹4)
422 2394 457 2447 ira
473 2410 498 2446 er
511 2397 602 2460 Nepos
617 2408 640 2443 c.
656 2392 673 2445 l.
711 2392 753 2460 15)
771 2392 797 2445 lr.

216 2467 358 2525 Tesino.
397 2467 441 2523 Ab
461 2468 509 2522 illo
530 2467 611 2521 fluvio
627 2466 749 2520 Ticinum
770 2466 797 2521 h.

216 2543 295 2597 Paria
317 2562 414 2597 nomen
436 2543 545 2612 accepit.
586 2543 687 2596 Penulr.
705 2544 795 2612 longa.

217 2619 262 2687 16)
279 2618 333 2672 iuro
349 2619 473 2673 Tiberius
488 2619 661 2686 Sempronius
676 2624 796 2687 longua,

215 2692 261 2761 qui
283 2710 314 2746 eo
334 2710 404 2747 anno
426 2696 496 2763 (535.
514 2692 561 2745 lec.
578 2690 671 2760 fastos)
692 2710 751 2745 cum
767 2696 796 2747 P.

215 2769 342 2822 Cornelio
355 2769 478 2839 Scipione
501 2765 591 2820 consul
607 2767 666 2820 suit.
705 2768 748 2835 17)
768 2766 795 2820 h.

216 2842 248 2895 la
267 2842 412 2905 Trebia,
439 2860 521 2913 prope
543 2843 699 2895 Placentiam
720 2841 794 2913 (Pia-

213 2918 309 2986 ccnza)
330 2919 443 2972 excurrit
462 2920 489 2971 in
505 2916 603 2970 Padum
624 2919 702 2987 (Po.)
742 2917 793 2983 18)

217 2994 332 3045 variatur
361 2994 485 3063 scriptura
512 2993 590 3045 etiam
615 2993 642 3044 in
675 2990 795 3045 Graecis.

211 3063 309 3120 strabo
329 3080 352 3130 ς.
379 3086 406 3139 p.
431 3085 466 3124 ur.
490 3082 558 3136 157.
585 3068 687 3141 (2263
710 3079 828 3185 W&
