1934 3392
386 169 429 196 ’Τ

159 345 201 356 ...-

189 370 206 381 ..

134 444 142 455 ἱ

384 483 602 567 ΑΜΡΕΜῑῐὲζ
743 513 820 584 ‚257

155 667 359 753 upuppae,
380 665 498 731 horum
514 667 632 733 viribus
649 665 767 746 fretus,
790 670 830 736 in'

154 758 276 823 ·senatu
285 753 513 818 dominabatur.
557 752 726 817 PostCraiii
738 761 824 819 mo'r·

166 853 236 907 tem
251 838 335 923 apud
350 837 484 902 Parthos
503 839 532 922 ²)
545 837 650 902 Musus
668 840 823 905 Barbarus

154 925 356 1001 :AsculanuS,
376 922 514 1000 Quintus
527 923 671 988 Lutatius
685 925 831 991 Catulus.-

152 1102 170 1116 ··
241 1084 388 1148 exercitu„
415 1098 441 1138 et
460 1084 513 1152 jem
534 1082 567 1137 fic
589 1080 663 1138 orbis
685 1084 831 1154 imperium·

242 1160 366 1215 societate
393 1159 474 1213 trium
497 1158 650 1228 principum
669 1175 825 1230 occupatur.

242 1237 345 1289 Decem
374 1251 457 1289 annos
483 1232 564 1287 traxit
593 1232 639 1288 ista
669 1235 825 1291 dominatio.

240 1308 286 1366 Sic
300 1311 394 1363 Florus
410 1326 442 1376 4,
464 1324 495 1371 n,
516 1323 552 1361 12.
591 1308 627 1381 ι)
647 1308 739 1364 mnriin
760 1309 826 1365 herc

152 1414 158 1421 ·
244 1382 296 1439 effe
318 1400 344 1437 et
363 1397 485 1453 corrupta
507 1384 632 1454 adparet,
660 1393 727 1455 ne'c,
754 1386 831 1442 unde?

210 1480 213 1487 ·
241 1457 326 1519 sumtu
340 1459 397 1526 sint,
418 1455 528 1516 constat.

390 1656 613 1735 cinxnw'.
703 1670 708 1677 “

242 1808 293 1865 Do
336 1806 446 1867 Bello
487 1808 747 1867 Macedonica

232 1963 372 2046 Populus
393 1965 558 2028 Romanus
586 1983 665 2028 cum·
679 1966 707 2043 ¹)
721 1964 831 2027 Maces

167 2047 305 2113 donibus
317 2049 434 2112 beilum
450 2060 500 2112 ter
513 2048 612 2131 geffit.
644 2046 707 2111 Sub
726 2049 826 2120 ²›i'la-

165 2134 292 2195 minino
307 2134 436 2198 consule
454 2154 566 2214 regem
584 2153 696 2196 eurum
711 2133 826 2214 Philip·

112 2214 114 2219 ’
163 2238 244 2301 purn
264 2219 348 2282 vicit.
391 2217 455 2283 Sub
477 2217 574 2281 Paulo
601 2215 731 2289 Persen,
754 2217 826 2280 Phi·

163 2303 244 2384 lippi
267 2300 378 2367 filium.
431 2302 496 2367 Sub
518 2301 651 2365 Metello
674 2300 824 2364 iideedo-

162 2389 241 2451 nico
261 2386 572 2470 Pseudophilippum.
631 2385 725 2448 Primi
749 2385 825 2448 belli

163 2468 283 2546 caussa,
312 2472 399 2555 quod
414 2473 454 2535 de
469 2473 592 2555 injuriis
610 2469 826 2533 Macedonum

162 2558 190 2628 ἲ)
203 2555 319 2620 Graeci
335 2558 554 2639 querebantur.
577 2554 724 2627 Secundi,
741 2554 827 2637 quod

161 2640 280 2707 foedus
316 2661 390 2707 curn
425 2652 516 2725 patre
547 2641 611 2727 ⁴suo
646 2638 825 2722 percuil'um

393 2761 396 2767 ,
727 2727 760 2806 4)
775 2746 824 2788 re.

200 2841 226 2917 1)
247 2841 308 2898 vide
325 2842 402 2914 supra
417 2859 474 2912 cap.
493 2842 529 2897 16.
568 2841 605 2911 2)
626 2840 687 2896 dedi
703 2842 793 2896 Flrrn
802 2842 824 2894 i·

239 2918 325 2972 nino
345 2935 394 2988 pro
416 2920 528 2987 vulgato
544 2917 738 2979 Flaminio,
761 2917 824 2983 quia

241 3010 272 3046 ea
301 2994 387 3047 verior
416 2992 452 3046 est
476 2993 611 3061 scriptura.
648 2992 681 3044 cf.
705 2992 740 3043 nd
763 3007 827 3056 enp.

238 3083 280 3136 ⁴7·
292 3067 329 3123 r'n.
367 3067 400 3142 3)
417 3082 511 3126 contra
520 3067 683 3157 l'hii'rppurn
696 3066 754 3120 due
764 3063 869 3209 iugi&
