1934 3392
194 314 197 321 '
341 325 390 395 pr
418 309 604 379 nurnrroi
617 325 619 343 ¹
742 325 802 374 v11

95 530 102 543 ·
145 486 182 567 sa
210 514 290 593 per
312 495 410 564 'vim
441 490 670 573 libertate,
724 483 795 560 sub

145 599 268 668 unius
317 590 508 668 Caesaris
548 591 796 694 potestatem

144 694 307 771 redacta
342 692 432 772 sunt
469 700 621 770 omnia.
686 694 794 769 Poste-

85 868 89 877 .
143 803 236 873 rioris
258 798 327 871 aevi
354 797 522 877 certissima
543 797 634 900 figna
659 792 794 898 praefert

142 906 297 976 orationis
316 896 423 976 forma
444 932 513 977 non
534 899 661 987 solum,
686 896 739 973 sed
762 919 794 972 et

141 1009 152 1077 i
175 1000 210 1077 sa‘
221 1004 333 1099 verba,
360 1030 445 1104 quae
459 1005 574 1106 puisun
588 1003 735 1088 adhibet,
761 1021 793 1075 et

139 1033 174 1180 ii
187 1103 329 1202 judicare
347 1105 422 1183 licet
435 1135 475 1181 ex
492 1110 549 1194 iis,
575 1135 657 1209 quae
668 1104 710 1179 de
723 1129 805 1197 ver-¹

139 1213 260 1285 borum
287 1212 460 1285 novorum'
480 1215 582 1312 prima
611 1212 737 1311 origine
761 1225 793 1281 et

138 1309 351 1414 frequentiori
372 1312 448 1400 usu,
473 1336 629 1414 quatenus
646 1308 793 1414 persequi

137 1437 169 1489 et
183 1415 373 1515 investigare
386 1417 472 1525 lieet,
498 1423 663 1500 novimus,
680 1436 792 1488 occur-

139 1523 178 1591 rit
186 1516 321 1591 verbum
337 1546 434 1619 perp
444 1547 464 1592 o
474 1517 544 1592 riri
558 1548 586 1591 c.
596 1534 641 1601 18.
649 1522 683 1610 .²)
698 1523 789 1609 cuius

137 1624 243 1720 prirna
254 1620 404 1719 exempla
417 1618 548 1719 praebet
554 1618 672 1717 §oden
679 1617 790 1697 lustin.

138 1747 186 1805 υ,
203 1726 252 1806 16,
268 1741 295 1808 3.
313 1715 742 1805 ubiinedidiu²5sheodos1i
758 1712 791 1795 ‘et

137 1821 357 1895 Valentiniani
373 1816 515 1922 ponitur.
545 1822 638 1909 Quae
653 1819 790 1922 quidem

137 1952 216 1997 curn
243 1919 457 2024 superioribus
485 1952 554 1998 non
580 1921 790 2025 refragentur,

136 2022 190 2098 sed
209 2021 356 2127 subjungi
378 2025 557 2101 commode
575 2026 709 2128 possuit,
744 2048 790 2100 te·

136 2126 246 2200 nenda
263 2124 327 2202 esse
340 2127 499 2204 videntur.

215 2317 244 2364 2.
279 2299 322 2367 At
349 2289 677 2393 circumspiciendum
702 2322 790 2368 nunc
875 2354 877 2360 .

135 2393 203 2481 eii,
230 2422 313 2495 quae
333 2401 440 2472 aetatis
459 2417 490 2470 et
505 2402 586 2471 vitae
599 2396 689 2498 signa
699 2392 790 2475 adfe-

133 2521 206 2570 rant
248 2498 302 2571 alii
343 2501 490 2573 audurus
529 2498 593 2572 iliis
631 2527 788 2599 congrua.

135 2598 334 2689 Quorumii
356 2601 541 2676 testimonia
556 2624 587 2677 et
602 2596 697 2703 prisci
717 2606 789 2673 aevi

443 2706 522 2794 ·*4
671 2729 790 2779 mouu-

167 2860 202 2934 ο)
219 2836 273 2924 rid.
291 2863 333 2925 ibi
351 2880 410 2927 not.
434 2885 476 2943 32.
