1934 3392
270 256 518 352 '‘Amantius.
678 277 739 369 165

110 477 130 520 o
148 456 234 530 vicit,
254 455 398 538 idemque
413 458 456 534 17)
472 453 591 528 docuit,
613 455 738 521 inbello

110 541 255 605 uomodo
277 543 396 623 equites
410 539 475 602 stne
489 537 565 621 suga
580 542 739 609 cederent.

110 628 255 708 cipiones
275 626 357 699 duo,
392 644 530 707 quorum
553 625 631 688 alter
651 627 740 707 prior

110 710 272 784 fricanuS,
295 711 348 791 qui
361 709 567 783 Annibalem,
598 721 629 772 et
651 707 690 782 Ι8)
706 711 740 771 in

110 816 127 862 2
151 795 295 860 Africam
317 794 500 871 debellavit3
530 796 609 859 alter
629 791 739 875 Scipio

598 881 739 946 Numan·

161 1001 223 1039 cunr
237 983 374 1047 Marcello,
397 981 465 1038 haud
480 988 574 1054 procul
587 987 623 1039 in.
640 985 686 1055 qui
700 1000 738 1039 ta·

158 1077 221 1114 men
250 1060 379 1128 potiorem
409 1058 487 1112 sidem
514 1060 660 1115 habendam
687 1059 739 1114 esse

162 1134 250 1188 censet
265 1135 349 1194 Livio,
369 1133 481 1193 Caesari,
501 1140 581 1190 Corn.
595 1137 693 1204 Nepoti
710 1149 738 1190 et

161 1208 252 1264 lubae.
290 1213 348 1263 Nec
369 1209 448 1263 hodie
463 1210 491 1263 id
507 1210 600 1265 diserte
617 1213 644 1265 in
658 1213 738 1281 Poly-

160 1283 207 1339 bio
222 1284 336 1355 legitur‚
355 1283 399 1339 sed
416 1299 518 1339 tantum
535 1287 682 1346 indicatur,
703 1284 738 1339 ad

160 1358 313 1429 Scipionem
333 1377 417 1429 usque
432 1360 557 1416 invidiam
573 1361 647 1415 fuisse
664 1365 737 1415 Han-

161 1431 286 1489 nibalem.
326 1434 360 1487 es.
383 1450 437 1498 ις,
465 1439 509 1490 16.
553 1439 623 1492 Vicit
649 1450 737 1490 autem

159 1527 220 1563 eum
235 1510 429 1577 aliquoties„in
443 1511 535 1578 primis
550 1512 583 1565 ad
599 1513 695 1564 Nolam
710 1512 739 1562 in

160 1588 322 1654 Campania,
346 1584 418 1652 quod
436 1584 539 1652 respicit
559 1586 653 1639 noster.
693 1584 738 1650 17)

159 1661 232 1715 unde
253 1660 385 1721 sumserit,
411 1658 534 1727 equidem
557 1661 667 1729 ignoto,
688 1675 738 1711 nec

157 1733 253 1789 diserte
276 1748 396 1787 notatum
418 1734 536 1787 invenire
551 1734 637 1803 potui.
675 1738 738 1788 Erat

160 1800 205 1865 sric
226 1826 283 1863 mos
299 1809 490 1877 Numidarum,
506 1826 625 1878 quorum
638 1809 738 1862 multos

160 1885 195 1940 ad
222 1884 297 1937 illum
318 1882 444 1938 transiisse
464 1876 583 1939 r'eserunt
604 1883 758 1953 Plutarch„
820 1892 837 1917 ·

159 1962 188 2015 in
208 1960 333 2012 Marcello
356 1976 413 2028 cap.
433 1975 468 2014 12.
493 1974 520 2013 et
540 1960 597 2014 Liv.
620 1975 669 2024 23,
690 1961 736 2025 46.

159 2034 285 2103 fidelique
307 2050 398 2086 eorutn
419 2033 534 2100 sortique
555 2030 635 2101 opera
656 2034 683 2085 in
704 2049 737 2086 eo

157 2109 231 2166 bello
254 2113 387 2161 Romanos
408 2107 482 2177 saepe
498 2107 557 2162 usos
573 2107 632 2160 esse.
671 2108 737 2161 Inde

160 2202 203 2241 ars
220 2185 263 2236 illa
284 2184 318 2237 ad
337 2187 470 2237 Romanos
491 2196 547 2235 tutn
563 2180 690 2236 transiisse
706 2183 737 2237 sr.

126 2254 133 2265 ’
158 2260 215 2316 anui
241 2259 346 2312 videtur
365 2257 543 2326 Marcelloque
565 2256 670 2312 audiore
691 2275 736 2313 ex.

158 2350 234 2405 cepta
249 2349 275 2386 et
288 2334 401 2391 exculta.
432 2332 654 2402 Adtigitornnino
668 2331 737 2386 hanc

158 2407 737 2482 pugnandiartetncumaliithinsiii.2‚13.

160 2484 255 2540 nirnc
274 2483 346 2537 acie
372 2482 527 2543 directe,
558 2499 649 2537 nunc
675 2500 735 2537 cu.

158 2561 253 2625 meis,
272 2574 361 2613 nunc
382 2556 549 2620 auxiliis,
575 2574 666 2612 nunc
684 2560 735 2612 le·

154 2637 260 2707 gione
294 2629 529 2702 pugnabitutr
568 2648 735 2689 nonnun-

147 2724 258 2780 'quam
279 2722 380 2776 terga
399 2706 503 2760 etiarn
525 2707 660 2762 dedisse
688 2709 734 2761 si-

160 2780 295 2839 mulati
314 2780 398 2848 suga
417 2780 591 2849 proderit.
618 2787 743 2849 meum

160 2876 201 2921 eo.
227 2855 297 2923 lund
311 2854 459 2932 efficacium
479 2856 589 2931 quinne
598 2857 632 2914 in
645 2872 680 2908 en
692 2854 762 2903 neae

689 2919 787 2989 iffi&
