1934 3392
372 363 380 381 l

352 480 583 558 AMl’Eulvu'
728 476 793 565 269

770 600 773 634 l

138 659 180 740 ¹²)
196 655 417 722 Ambraciam(
448 657 508 720 Per
522 657 561 741 ¹³)
577 654 712 743 Marium
726 650 792 716 Nu·

138 744 240 808 midas
263 751 295 803 et
315 742 510 824 Iugurtham.
570 743 629 805 Per
655 739 793 802 eundem

136 829 286 892 Cimbros
308 837 340 889 et
360 828 538 892 Teutones.
582 828 642 890 Per
661 830 707 904 ι4)
722 820 793 905 Syl·

135 915 202 979 lam
223 913 376 975 Ponticos
401 923 432 975 et
454 913 677 977 Mithridatem.
732 908 793 971 Per

135 995 306 1064 Lucullum
324 1000 363 1074 ¹5)
383 998 460 1059 item
481 1000 615 1062 eosdem
636 993 791 1063 Ponticos
840 1029 842 1034 ·

136 1093 172 1147 et
184 1080 414 1145 Mithridatem:
438 1083 515 1145 item
528 1085 641 1146 Cilicas
664 1081 792 1162 piratas,

135 1178 172 1231 et
190 1168 362 1231 Armenios
385 1187 459 1229 cum
476 1188 554 1250 rege
570 1170 732 1251 Tigrane,·
759 1171 792 1224 et

136 1252 288 1338 plurimas
304 1248 475 1323 ¹⁶)Afiacas
486 1264 610 1334 gentes.
653 1247 791 1316 Subhoc

438 1339 513 1420 lll3
704 1335 792 1401 enim

211 1487 243 1526 ur
257 1468 315 1541 post
329 1471 512 1543 Cymbros,
531 1472 791 1529 Teuthones-

210 1547 398 1617 Triumphauit
412 1551 444 1603 de
459 1550 579 1604 Aetoleir
595 1545 791 1614 etCephelenie

211 1638 235 1675 e.
250 1639 276 1676 u.
290 1623 351 1686 5662
369 1623 444 1677 Falli.
483 1624 526 1692 12)
546 1627 579 1678 H.
595 1629 703 1678 Larte.
726 1625 791 1674 Pro·

206 1697 264 1768 prie
285 1695 349 1750 urbs
371 1698 459 1766 Epiri,
496 1698 616 1752 sedtum
638 1695 741 1750 Aetolis
765 1686 790 1748 le

208 1769 389 1827 contribueret
408 1771 482 1840 (Liv.
498 1782 545 1838 38,
563 1791 593 1840 3,
612 1771 668 1842 10.)
688 1785 714 1823 er
727 1769 790 1823 hine
890 1812 893 1817 .

209 1862 289 1916 caput
312 1848 399 1917 gentis
414 1848 530 1917 adpellat
550 1850 645 1902 Florus
659 1861 683 1912 2,
711 1861 738 1916 9,
763 1859 789 1899 ι.

97 1970 107 1985 ,
207 1922 263 1990 13)
288 1922 461 1991 triumphavit
481 1923 545 1994 ⁶⁴9·
568 1923 601 1976 de
624 1918 739 1974 Cimbris
761 1932 789 1972 et

207 1995 374 2053 Teutonibus
391 1999 449 2062 652.
481 1997 527 2067 121)
546 1995 718 2071 triumphavit
726 1995 786 2062 672.

209 2073 338 2126 Lucullus
354 2075 420 2143 690.
461 2080 500 2141 ις)
521 2073 563 2126 hic
579 2087 666 2142 aperte
682 2071 789 2125 excide·

205 2161 268 2200 runt
284 2147 421 2214 quaedum,
441 2164 510 2214 quae
523 2148 556 2202 ed
564 2148 719 2215 Pompeium
728 2161 788 2214 per-

206 2219 336 2275 tinebant.
375 2220 571 2276 Freinshemius
586 2224 618 2276 ad
634 2223 705 2276 Flor.
719 2235 741 2284 3,
758 2234 785 2283 5.

206 2312 249 2350 21.
278 2297 310 2349 sic
331 2293 448 2366 subpler:
488 2300 551 2351 Per
579 2296 786 2366 Pompeium

207 2372 292 2427 item
313 2370 455 2425 eosdem
474 2372 652 2426 Ponticos
669 2386 702 2425 et
720 2366 786 2424 Mi·

205 2445 414 2505 thridatem.
449 2446 533 2499 item
559 2447 701 2502 Cilicas
727 2446 782 2514 pi·

207 2536 312 2577 rurus.
351 2521 402 2575 Sed
426 2520 519 2575 sufficit
540 2539 601 2574 cum
617 2520 730 2574 Dukero
746 2520 784 2574 le·

206 2612 285 2667 gere:
312 2612 373 2666 per
400 2599 604 2665 Pompeium
628 2594 784 2657 eosdem,

208 2671 290 2726 irem
305 2671 454 2726 Cilices.
492 2670 615 2725 Heinsius
631 2668 711 2724 verbe
725 2687 785 2740 per

203 2748 402 2817 Pompeium
426 2745 551 2815 posuerat
577 2745 634 2815 post
654 2745 783 2816 Tigre·

207 2837 255 2874 ne.
305 2820 356 2876 Sed
377 2821 422 2875 ille
442 2822 509 2874 ordo
529 2822 623 2876 melius
643 2819 783 2889 respondet

205 2896 323 2966 reliquis.
380 2901 445 2951 Rem
473 2895 550 2965 supra
573 2896 668 2965 adrigit
694 2894 780 2947 nollet

206 2987 264 3039 cup.
285 2979 326 3031 ¹8·
350 2971 368 3024 f.
416 2971 608 3042 Triumphauit
627 2988 652 3023 a.
671 2987 704 3021 u.
722 2969 795 3034 nun.

198 3044 259 3114 16)
277 3043 341 3104 lucc
363 3047 454 3106 forma
476 3065 503 3108 er
525 3049 611 3124 lupm
632 3060 698 3118 ιη.
717 3049 772 3099 ru·
788 3035 817 3085 l.

296 3143 300 3147 '
474 3123 477 3127 ’
756 3120 838 3180 dune
892 3157 893 3161 ,
