1934 3392
313 442 528 514 irritemus.
683 392 751 525 223¹
810 500 815 509 .

138 636 254 704 pacem
274 634 347 682 cum
355 585 441 702 Sylla
455 619 648 699 imperatore
662 612 749 677 fecit.

220 716 225 723 '
404 701 433 767 K
453 719 475 784 4
622 702 653 779 ⁹)
667 699 749 763 Oro-

175 840 212 893 At
227 837 298 892 idem
313 834 429 895 diversus
443 838 521 893 eriam
537 837 573 893 est
588 835 681 892 abillo
699 839 750 890 At·

174 914 247 977 sace,
269 914 301 967 ad
322 931 401 981 quern
422 915 455 968 de
474 912 610 984 jungenda
628 912 750 971 societate

175 988 257 1043 exslat
278 989 440 1043 Mithridatis
460 989 567 1059 epistola
589 990 618 1042 in
638 983 750 1040 Sallustii

174 1056 267 1132 fragm.
288 1061 346 1115 hist.
373 1061 419 1116 lib.
435 1082 460 1131 4.
481 1082 508 1132 p.
524 1076 580 1131 981.
600 1063 659 1134 (ed.
683 1065 750 1117 Cor-

175 1138 228 1207 rii.)
247 1142 349 1207 Nempe
364 1139 451 1209 prior,
472 1155 504 1192 ut
519 1157 602 1192 nexus
618 1138 697 1192 ducet
709 1153 751 1189 te·

129 1277 131 1281 Ι
173 1212 249 1281 ¹r‘unr,
275 1212 341 1266 vixit
362 1210 391 1266 in
412 1210 484 1265 bello
497 1213 677 1268 Mithridatico
697 1211 752 1280 pti·

176 1304 238 1354 mo,
257 1286 384 1354 posterior
396 1288 423 1341 in
438 1288 529 1352 tertio,
549 1286 611 1357 q'uia
625 1288 752 1340 Nicome-

176 1362 218 1416 dis
234 1363 331 1416 nmrtui
352 1361 384 1415 fit
404 1363 511 1416 mentio.
538 1367 580 1432 (p.
596 1370 658 1432 984.
680 1378 702 1414 c.
718 1361 751 1428 l.)

174 1435 370 1493 Sintrlc-urn
397 1438 468 1492 hunc
494 1437 567 1491 fuisse
593 1436 673 1490 tradit
694 1439 752 1503 Ap·

175 1513 271 1580 planus
293 1514 356 1566 crl.
384 1530 441 1582 cap.
464 1526 521 1576 104.
574 1513 652 1565 lllum
675 1509 751 1562 fuisse

175 1586 336 1654 suspicantur
351 1587 464 1640 Arsacen
480 1587 526 1640 lX.
548 1586 753 1641 [Mithridaten

176 1664 208 1713 ll.
226 1661 414 1731 (Mithradates
429 1662 457 1714 in
470 1661 574 1728 n'utnis)
584 1676 662 1729 quem
673 1663 752 1714 Arta-

175 1734 246 1788 bano
262 1733 400 1788 successrlse
415 1733 503 1795 scribit
517 1734 606 1789 lullin.
620 1736 669 1802 42,Ι
684 1753 709 1798 2,
727 1749 751 1800 3.

178 1810 209 1874 8)
226 1810 259 1862 de
273 1826 312 1873 ea,
331 1810 375 1878 qui
390 1825 525 1878 praeterea
549 1811 684 1879 loqitatut,
704 1826 752 1862 ne-

177 1883 241 1944 iciu.
286 1889 356 1942 Cum
369 1877 533 1957 Mithridate
553 1878 644 1956 μείω
664 1881 752 1938 secisse

176 1963 277 2019 Sullam
297 1961 411 2034 conliat,
432 1962 460 2019 ei
481 1958 543 2018 hinc
563 1966 625 2016 cuin
641 1961 698 2031 eills
711 1957 753 2014 so·

178 2040 220 2093 cio
245 2037 331 2094 facisse
350 2059 414 2095 vero
435 2039 471 2095 esi
490 2039 581 2094 simile.
632 2037 754 2106 Adiuvat

175 2132 263 2170 tamen
278 2117 433 2169 Plutarchus
449 2117 477 2168 in
491 2115 565 2169 Sulla
586 2129 644 2182 cap,
659 2123 681 2178 ς.
704 2128 753 2164 no·

175 2190 308 2258 situmque
318 2188 444 2243 inlustrat.
483 2190 581 2242 Narrat
595 2188 675 2249 eninr,
690 2201 753 2238 cum

177 2258 257 2320 Sulla
267 2282 297 2318 ert
311 2281 431 2332 praetura
446 2263 568 2318 Ciliciam
590 2259 754 2327 obtinuisset,

176 2355 320 2408 regemque
335 2337 544 2393 Ariobarzanem
565 2337 593 2391 in
613 2336 755 2415 Cappadp·

177 2416 233 2467 ciae
247 2431 358 2482 regnum
370 2412 529 2477 restituisset,
548 2411 580 2467 ab
590 2411 684 2466 Arsace
692 2415 755 2464 Par·

177 2489 286 2543 rhotum
304 2484 369 2559 'r’ege
383 2488 494 2542 naissum
509 2486 663 2543 Orobazum
682 2487 755 2556 lega-

159 2558 251 2630 ‘rutn,
278 2562 324 2630 qui
347 2578 403 2617 tum
424 2564 541 2632 primum
561 2567 708 2632 συμμαχίαν
728 2575 756 2612 et

178 2644 266 2703 φιλίαν
293 2637 473 2693 Rornanorum
504 2636 625 2706 petierit,
673 2637 755 2706 idque

177 2713 288 2778 Sullam,
308 2714 381 2780 quod
389 2714 505 2783 primum
520 2710 618 2766 netum
634 2708 705 2779 esset,
726 2712 755 2764 in

175 2803 271 2855 magna
288 2785 422 2841 felicitatis
429 2803 503 2861 parte
519 2787 637 2856 posuisse.
676 2787 756 2841 Adri-

178 2860 218 2928 git
241 2863 318 2913 etiarn
341 2863 433 2930 Vellei.
457 2877 487 2927 2,
515 2880 570 2931 24,
591 2876 613 2929 3.
642 2878 667 2916 et
687 2859 755 2916 Livii

180 2934 243 3001 epit.
261 2950 306 3000 70.
327 2935 373 2989 ubi
387 2938 465 2989 haec:
493 2937 652 2992 Parthorum
666 2935 761 3003 legati,

179 3024 271 3078 araga
283 3008 381 3070 Arsace
396 3011 472 3081 tniffi,
500 3027 643 3107 uenerunt
659 3010 701 3068 ah
709 3009 792 3140 S&

707 3129 709 3133 ,
739 3099 761 3140 ‘it
794 3113 807 3142 a
