1934 3392
350 302 564 370 AMPELIUS.
728 324 787 390 127

87 498 93 507 ·
146 473 299 554 peditione
313 474 452 536 tentavit.
495 474 583 540 Haec
598 475 707 538 urbem
718 477 786 559 pul-

85 578 91 589 ·
146 558 325 636 cherrimam
355 560 516 633 omnium,
549 578 628 641 quae
650 580 691 623 un
713 582 787 625 uam

85 662 91 677 ·
144 642 279 715 suerunt,
314 640 475 724 Babylona
497 642 671 719 constituit,
694 580 787 727 lupra

85 750 90 759 ·
144 726 453 808 llumenEuphraten.
483 716 787 811 Sardanabalus‚qui
859 800 861 805 ,

85 850 87 859 ·
144 816 179 879 ob
191 813 305 877 nimias
323 810 450 873 delicias
465 823 497 874 et
514 813 667 876 luxuriam
683 815 785 896 perdi·
808 826 811 833 '

142 906 172 963 to
188 916 309 980 regne,
331 914 372 957 ne
392 896 424 957 in
448 897 633 976 potestatem
649 898 787 962 hostium

142 985 274 1055 reniret,
296 1000 370 1044 curn
389 980 522 1043 exoletis
541 981 604 1045 ¹suis
627 1003 787 1047 venenum

140 1068 228 1143 bibit,
253 1074 285 1128 et
299 1065 368 1147 igni
389 1062 527 1147 subjetto
542 1085 615 1129 cum
633 1070 722 1153 regia
733 1066 786 1134 sua

139 1154 179 1241 ¹⁰)
194 1148 410 1233 conflagravit.

151 1354 160 1371 ⁰
207 1357 282 1397 mum
315 1339 343 1393 in
375 1332 492 1394 editiore
525 1335 630 1393 Dukerl
660 1336 784 1399 secunda,

206 1433 286 1489 quam
308 1414 368 1468 inde
388 1415 453 1468 aliae
468 1431 552 1483 prono
576 1412 700 1483 obsequio
722 1412 784 1464 red-

207 1493 340 1547 diderunt.
391 1490 504 1561 Reposui
529 1489 611 1558 igitur
631 1487 683 1556 ipsa
702 1487 783 1539 etiam

206 1565 313 1623 historia
332 1562 449 1633 jubente.
487 1562 582 1618 Strabo
606 1563 674 1615 enim
693 1577 729 1624 ¹5·
744 1561 783 1612 in.

202 1640 283 1713 ipsam
291 1657 367 1710 aegre
382 1655 444 1692 cum
460 1654 496 1692 20
511 1634 661 1691 hominibus
680 1633 783 1687 evasisse

204 1712 308 1775 scribit,
333 1730 393 1766 cum
412 1730 512 1780 magro
533 1712 659 1781 adparatu
682 1709 783 1762 bellum

205 1786 348 1850 intulisset,
368 1805 447 1858 quem
463 1784 585 1842 describit
598 1783 693 1839 Suidas
716 1782 732 1837 s.
754 1801 781 1837 v.

203 1867 345 1936 Σιμίμμις.
385 1862 433 1933 10)
450 1862 488 1918 cf.
505 1858 592 1917 lustin.
609 1876 629 1922 1,
649 1877 672 1929 3.
687 1858 733 1925 fin.

363 2113 548 2182 clnxfl.

133 2316 137 2321 ·
236 2282 383 2356 Rogas
421 2280 666 2336 Medorum.

184 2445 213 2526 ¹)
225 2442 369 2522 Arsaces,
391 2447 512 2529 primus
526 2444 602 2516 Rex,
625 2441 676 2523 qui
692 2458 779 2502 ever·

129 2521 173 2591 sas
189 2527 387 2635 All'yriorum
401 2551 494 2697 effi
498 2528 617 2594 luxuria
630 2526 780 2690 Sardalrrffi
803 2606 805 2611 ,

161 2770 195 2845 ι)
213 2772 369 2829 Perizonius
378 2774 499 2829 emendat
512 2769 675 2825 Arbaces.
697 2772 777 2820 Hune

202 2848 269 2903 erim
281 2850 395 2907 Medum
409 2848 586 2926 Assyriorum
603 2859 725 2918 ragnum
743 2836 798 2890 ab·

721 2906 819 2981 witz
