1934 3392
341 286 558 355 AMPELIUS.
739 303 780 375 79

139 455 173 540 a)
185 457 217 522 in
231 475 272 522 eo
286 455 356 524 lacu
365 457 417 524 est.
429 459 586 626 DIi4rceus
598 452 778 606 fiffiiiseftruas·

198 679 230 733 ad
245 683 345 734 Harma
356 679 448 734 urbem
460 678 488 733 id
504 676 626 733 accidisse
634 677 776 731 contende-

197 751 270 816 bant,
292 770 318 808 et
333 754 504 810 inde-nomen
520 768 608 808 ortum
624 751 682 812 ess'e,
703 752 777 821 quod

196 827 233 883 ibi
250 845 311 882 cum
331 845 410 883 curru
425 828 512 883 fuisset
527 826 678 897 absorptus.
717 830 776 881 Nec

197 917 287 958 tamen
295 907 391 957 Harma
399 906 441 958 vel
449 905 481 958 fio
489 903 563 957 litem
576 900 685 957 dirimit.
714 904 775 955 Du·

194 977 773 1050 picaenimHarmaeommemoratua,unum

195 1068 280 1125 prope
294 1056 443 1123 Tanagram
463 1053 491 1106 in
513 1052 638 1117 Boeotia,
658 1053 773 1106 alterum

195 1128 223 1181 in
238 1127 343 1192 Attica,
364 1145 432 1197 quae
445 1127 628 1199 distinguenda
650 1125 700 1181 ess'e
713 1142 773 1181 mo·

168 1220 174 1226 ·
194 1217 241 1256 net
253 1200 348 1257 diserte
360 1201 454 1258 Strabo
470 1219 497 1274 9.
508 1219 536 1272 p.
550 1219 585 1257 m.
598 1208 654 1270 278·
677 1201 772 1272 (404.)

193 1277 222 1334 si
236 1275 386 1333 fabularum
396 1293 422 1334 et
430 1276 594 1349 antiquitatis
608 1276 659 1332 alia
671 1293 771 1331 monu-

193 1366 281 1406 menta
303 1351 462 1423 speiiamua,
481 1370 565 1423 prope
579 1355 701 1421 Oropum
717 1348 770 1421 (u)

187 1426 310 1482 Boeotiae
330 1428 422 1484 urbem
444 1429 602 1483 maritimam
619 1426 649 1482 in
661 1425 770 1480 Atticae

192 1500 310 1556 confinio
332 1505 359 1558 id
380 1503 500 1560 accidiisa
519 1502 634 1558 videtur.
686 1504 767 1555 Hune

190 1580 261 1631 enim
275 1581 358 1650 Oropi
374 1580 451 1636 snum
464 1575 621 1649 comprobat
635 1573 769 1646 ipseStra·

190 1650 226 1708 bo
249 1669 274 1725 9.
295 1670 321 1724 p.
345 1673 380 1709 m.
404 1669 461 1723 275·
483 1657 498 1724 (
506 1651 590 1779 3992
611 1666 636 1704 et
649 1649 767 1718 Oropioe

188 1727 393 1785 Athenienfibus
413 1727 526 1801 paruisse
548 1732 571 1780 T
592 1724 720 1793 ucydides
741 1738 766 1787 2,

187 1820 226 1868 23.
246 1803 304 1872 post
319 1806 443 1861 Boeotios
459 1802 505 1857 fibi
522 1799 654 1870 subjeciise
669 1808 693 1862 8,
715 1801 765 1855 60.

185 1877 238 1932 Sed
253 1877 349 1932 omiffis
370 1877 409 1933 his
426 1877 499 1947 apud
513 1873 618 1931 Thebas
634 1873 764 1944 Amphia-

182 1968 260 2007 raum
282 1953 383 2021 periisse
406 1950 496 2008 scribit
523 1951 673 2021 fimpliciter
694 1949 763 2004 Plin.

182 2029 231 2090 ιό,
254 2037 296 2094 87·
316 2030 394 2101 (44.)
419 2027 544 2096 adsperfis
559 2024 664 2087 fabulis,
679 2039 763 2093 prope

180 2101 312 2172 Psophida
333 2103 495 2173 Oropiorum
510 2099 606 2156 Strabo
625 2116 649 2153 c.
664 2100 683 2153 1.
698 2102 763 2152 Am·

183 2177 287 2247 phiarai
308 2177 399 2232 sanum
425 2178 496 2232 idem
523 2192 549 2247 9.
576 2192 603 2245 p.
632 2191 668 2227 m.
700 2183 760 2241 278.

183 2249 219 2322 (s.
229 2253 312 2325 404.)
328 2258 429 2309 Graeae
444 2269 526 2323 prope
541 2254 671 2321 Oropum.
692 2253 761 2305 Oro-

183 2326 224 2396 pii
240 2328 317 2397 primi
333 2328 524 2398 Amphiaraum
545 2328 613 2383 inter
629 2328 702 2380 Deos
718 2342 760 2379 re-

182 2403 318 2466 tulerunt,
336 2403 455 2472 (Pausaa.
470 2418 496 2471 ι,
514 2416 552 2469 34.
573 2400 627 2475 in.)
649 2400 677 2454 in
691 2399 760 2470 ipso·

179 2492 242 2531 rum
262 2494 327 2548 agro
346 2476 496 2532 habuerunt
510 2476 611 2537 muita.
632 2492 700 2544 quae
720 2477 758 2530 rei

181 2553 337 2607 memoriam
358 2552 488 2608 setvarent
506 2552 590 2607 veluti
604 2543 758 2621 Ἀμφιᾶςω

180 2622 287 2697 aeneai,
305 2627 415 2694 fontem,
431 2626 655 2682 undeemerserat.
688 2625 759 2680 Rha·

179 2715 291 2756 maunte
311 2701 398 2769 solua,
431 2701 503 2773 quod
524 2702 645 2774 equidem
668 2701 756 2762 sciam,

180 2774 274 2829 sanum
288 2778 365 2847 ponit
378 2779 448 2833 Mela
467 2793 498 2841 a,
518 2793 549 2846 3,
570 2792 613 2851 93.
631 2774 683 2833 ubi
704 2773 761 2827 oia·

179 2848 284 2905 serendi
295 2849 401 2920 patebit
414 2853 531 2924 apertior
546 2870 674 2926 campus.
711 2851 776 2930 D}-

695 2942 793 3000 quxt
